[
  {
    "price": 0.36,
    "size": 3,
    "side": "buy",
    "timestamp": 1768542607000,
    "outcome": "down"
  },
  {
    "price": 0.669999817272611,
    "size": 1.64179,
    "side": "buy",
    "timestamp": 1768542608000,
    "outcome": "up"
  },
  {
    "price": 0.34,
    "size": 30,
    "side": "buy",
    "timestamp": 1768542608000,
    "outcome": "down"
  },
  {
    "price": 0.67,
    "size": 1.2,
    "side": "buy",
    "timestamp": 1768542608000,
    "outcome": "up"
  },
  {
    "price": 0.67,
    "size": 1.2,
    "side": "buy",
    "timestamp": 1768542608000,
    "outcome": "up"
  },
  {
    "price": 0.6350535987748851,
    "size": 32.65,
    "side": "buy",
    "timestamp": 1768542608000,
    "outcome": "up"
  },
  {
    "price": 0.67,
    "size": 1.2,
    "side": "buy",
    "timestamp": 1768542608000,
    "outcome": "up"
  },
  {
    "price": 0.67,
    "size": 7.88,
    "side": "buy",
    "timestamp": 1768542609000,
    "outcome": "up"
  },
  {
    "price": 0.3399998763636064,
    "size": 4.85294,
    "side": "buy",
    "timestamp": 1768542609000,
    "outcome": "down"
  },
  {
    "price": 0.3399999821376805,
    "size": 32.470587,
    "side": "buy",
    "timestamp": 1768542609000,
    "outcome": "down"
  },
  {
    "price": 0.6556414790296058,
    "size": 59.010908,
    "side": "buy",
    "timestamp": 1768542609000,
    "outcome": "up"
  },
  {
    "price": 0.6699999959393936,
    "size": 14.776118,
    "side": "buy",
    "timestamp": 1768542609000,
    "outcome": "up"
  },
  {
    "price": 0.66,
    "size": 29,
    "side": "sell",
    "timestamp": 1768542609000,
    "outcome": "up"
  },
  {
    "price": 0.67,
    "size": 0.09,
    "side": "buy",
    "timestamp": 1768542609000,
    "outcome": "up"
  },
  {
    "price": 0.34,
    "size": 58,
    "side": "sell",
    "timestamp": 1768542609000,
    "outcome": "down"
  },
  {
    "price": 0.6677364842971384,
    "size": 129.002984,
    "side": "buy",
    "timestamp": 1768542609000,
    "outcome": "up"
  },
  {
    "price": 0.67,
    "size": 16.1194,
    "side": "buy",
    "timestamp": 1768542609000,
    "outcome": "up"
  },
  {
    "price": 0.67,
    "size": 30,
    "side": "sell",
    "timestamp": 1768542609000,
    "outcome": "up"
  },
  {
    "price": 0.32,
    "size": 34.375,
    "side": "buy",
    "timestamp": 1768542609000,
    "outcome": "down"
  },
  {
    "price": 0.3399999268161264,
    "size": 6.558822,
    "side": "buy",
    "timestamp": 1768542609000,
    "outcome": "down"
  },
  {
    "price": 0.6299999971883367,
    "size": 53.349205,
    "side": "buy",
    "timestamp": 1768542609000,
    "outcome": "up"
  },
  {
    "price": 0.34,
    "size": 19,
    "side": "buy",
    "timestamp": 1768542609000,
    "outcome": "down"
  },
  {
    "price": 0.32,
    "size": 101,
    "side": "sell",
    "timestamp": 1768542610000,
    "outcome": "down"
  },
  {
    "price": 0.6899999868899976,
    "size": 14.492751,
    "side": "buy",
    "timestamp": 1768542610000,
    "outcome": "up"
  },
  {
    "price": 0.68,
    "size": 1.8,
    "side": "buy",
    "timestamp": 1768542610000,
    "outcome": "up"
  },
  {
    "price": 0.32,
    "size": 10,
    "side": "buy",
    "timestamp": 1768542610000,
    "outcome": "down"
  },
  {
    "price": 0.6921555702043507,
    "size": 27.306,
    "side": "buy",
    "timestamp": 1768542611000,
    "outcome": "up"
  },
  {
    "price": 0.3277441077441077,
    "size": 106.92,
    "side": "buy",
    "timestamp": 1768542611000,
    "outcome": "down"
  },
  {
    "price": 0.32,
    "size": 30,
    "side": "buy",
    "timestamp": 1768542611000,
    "outcome": "down"
  },
  {
    "price": 0.3165732673267327,
    "size": 101,
    "side": "sell",
    "timestamp": 1768542611000,
    "outcome": "down"
  },
  {
    "price": 0.3305940594059406,
    "size": 101,
    "side": "sell",
    "timestamp": 1768542611000,
    "outcome": "down"
  },
  {
    "price": 0.3299998227777089,
    "size": 3.272726,
    "side": "buy",
    "timestamp": 1768542611000,
    "outcome": "down"
  },
  {
    "price": 0.32,
    "size": 5,
    "side": "buy",
    "timestamp": 1768542611000,
    "outcome": "down"
  },
  {
    "price": 0.3299998227777089,
    "size": 3.272726,
    "side": "buy",
    "timestamp": 1768542611000,
    "outcome": "down"
  },
  {
    "price": 0.69,
    "size": 1.2,
    "side": "buy",
    "timestamp": 1768542611000,
    "outcome": "up"
  },
  {
    "price": 0.69,
    "size": 1.2,
    "side": "buy",
    "timestamp": 1768542611000,
    "outcome": "up"
  },
  {
    "price": 0.3211266666666667,
    "size": 30,
    "side": "buy",
    "timestamp": 1768542611000,
    "outcome": "down"
  },
  {
    "price": 0.69,
    "size": 20,
    "side": "buy",
    "timestamp": 1768542611000,
    "outcome": "up"
  },
  {
    "price": 0.68,
    "size": 10,
    "side": "buy",
    "timestamp": 1768542611000,
    "outcome": "up"
  },
  {
    "price": 0.6799998269089776,
    "size": 1.617646,
    "side": "buy",
    "timestamp": 1768542611000,
    "outcome": "up"
  },
  {
    "price": 0.68,
    "size": 8,
    "side": "buy",
    "timestamp": 1768542611000,
    "outcome": "up"
  },
  {
    "price": 0.69,
    "size": 24,
    "side": "buy",
    "timestamp": 1768542611000,
    "outcome": "up"
  },
  {
    "price": 0.3299998319999328,
    "size": 3.333332,
    "side": "buy",
    "timestamp": 1768542611000,
    "outcome": "down"
  },
  {
    "price": 0.31,
    "size": 5,
    "side": "buy",
    "timestamp": 1768542611000,
    "outcome": "down"
  },
  {
    "price": 0.6999999950704222,
    "size": 20.285713,
    "side": "buy",
    "timestamp": 1768542611000,
    "outcome": "up"
  },
  {
    "price": 0.6899999897957741,
    "size": 20.579709,
    "side": "buy",
    "timestamp": 1768542611000,
    "outcome": "up"
  },
  {
    "price": 0.6899999951699998,
    "size": 28.985506,
    "side": "buy",
    "timestamp": 1768542611000,
    "outcome": "up"
  },
  {
    "price": 0.67,
    "size": 29,
    "side": "sell",
    "timestamp": 1768542611000,
    "outcome": "up"
  },
  {
    "price": 0.7,
    "size": 1.2,
    "side": "buy",
    "timestamp": 1768542611000,
    "outcome": "up"
  },
  {
    "price": 0.32,
    "size": 5,
    "side": "buy",
    "timestamp": 1768542611000,
    "outcome": "down"
  },
  {
    "price": 0.3516119414196773,
    "size": 142.202221,
    "side": "buy",
    "timestamp": 1768542611000,
    "outcome": "down"
  },
  {
    "price": 0.67,
    "size": 7,
    "side": "sell",
    "timestamp": 1768542611000,
    "outcome": "up"
  },
  {
    "price": 0.7,
    "size": 66.92857,
    "side": "buy",
    "timestamp": 1768542611000,
    "outcome": "up"
  },
  {
    "price": 0.7099999967129627,
    "size": 27.380279,
    "side": "buy",
    "timestamp": 1768542611000,
    "outcome": "up"
  },
  {
    "price": 0.691828932760956,
    "size": 32.088856,
    "side": "buy",
    "timestamp": 1768542612000,
    "outcome": "up"
  },
  {
    "price": 0.68,
    "size": 1.2,
    "side": "buy",
    "timestamp": 1768542612000,
    "outcome": "up"
  },
  {
    "price": 0.3095732673267327,
    "size": 101,
    "side": "sell",
    "timestamp": 1768542612000,
    "outcome": "down"
  },
  {
    "price": 0.7,
    "size": 45.14,
    "side": "buy",
    "timestamp": 1768542612000,
    "outcome": "up"
  },
  {
    "price": 0.7,
    "size": 20,
    "side": "buy",
    "timestamp": 1768542612000,
    "outcome": "up"
  },
  {
    "price": 0.3076,
    "size": 5,
    "side": "buy",
    "timestamp": 1768542612000,
    "outcome": "down"
  },
  {
    "price": 0.7,
    "size": 24,
    "side": "buy",
    "timestamp": 1768542613000,
    "outcome": "up"
  },
  {
    "price": 0.3080473108654752,
    "size": 542.124515,
    "side": "buy",
    "timestamp": 1768542613000,
    "outcome": "down"
  },
  {
    "price": 0.71,
    "size": 1.2,
    "side": "buy",
    "timestamp": 1768542613000,
    "outcome": "up"
  },
  {
    "price": 0.71,
    "size": 1.2,
    "side": "buy",
    "timestamp": 1768542613000,
    "outcome": "up"
  },
  {
    "price": 0.26,
    "size": 12,
    "side": "buy",
    "timestamp": 1768542613000,
    "outcome": "down"
  },
  {
    "price": 0.74,
    "size": 19,
    "side": "sell",
    "timestamp": 1768542613000,
    "outcome": "up"
  },
  {
    "price": 0.71,
    "size": 1.2,
    "side": "buy",
    "timestamp": 1768542613000,
    "outcome": "up"
  },
  {
    "price": 0.7081785482870876,
    "size": 27.450703,
    "side": "buy",
    "timestamp": 1768542613000,
    "outcome": "up"
  },
  {
    "price": 0.7099999959711913,
    "size": 32.267603,
    "side": "buy",
    "timestamp": 1768542613000,
    "outcome": "up"
  },
  {
    "price": 0.3,
    "size": 5,
    "side": "buy",
    "timestamp": 1768542613000,
    "outcome": "down"
  },
  {
    "price": 0.71,
    "size": 10,
    "side": "buy",
    "timestamp": 1768542613000,
    "outcome": "up"
  },
  {
    "price": 0.71,
    "size": 24,
    "side": "buy",
    "timestamp": 1768542613000,
    "outcome": "up"
  },
  {
    "price": 0.71,
    "size": 20,
    "side": "buy",
    "timestamp": 1768542613000,
    "outcome": "up"
  },
  {
    "price": 0.2616797618488474,
    "size": 4.47111,
    "side": "buy",
    "timestamp": 1768542613000,
    "outcome": "down"
  },
  {
    "price": 0.3099999079393655,
    "size": 5.322579,
    "side": "buy",
    "timestamp": 1768542613000,
    "outcome": "down"
  },
  {
    "price": 0.2699999802061848,
    "size": 32.333332,
    "side": "buy",
    "timestamp": 1768542613000,
    "outcome": "down"
  },
  {
    "price": 0.7799993618175436,
    "size": 1.410255,
    "side": "buy",
    "timestamp": 1768542613000,
    "outcome": "up"
  },
  {
    "price": 0.2525457346042997,
    "size": 180.165383,
    "side": "buy",
    "timestamp": 1768542613000,
    "outcome": "down"
  },
  {
    "price": 0.6917001020061204,
    "size": 58.82,
    "side": "sell",
    "timestamp": 1768542613000,
    "outcome": "up"
  },
  {
    "price": 0.71,
    "size": 2,
    "side": "buy",
    "timestamp": 1768542613000,
    "outcome": "up"
  },
  {
    "price": 0.27,
    "size": 5,
    "side": "buy",
    "timestamp": 1768542613000,
    "outcome": "down"
  },
  {
    "price": 0.74,
    "size": 12,
    "side": "sell",
    "timestamp": 1768542613000,
    "outcome": "up"
  },
  {
    "price": 0.2699998541999329,
    "size": 3.703702,
    "side": "buy",
    "timestamp": 1768542613000,
    "outcome": "down"
  },
  {
    "price": 0.26,
    "size": 30,
    "side": "buy",
    "timestamp": 1768542613000,
    "outcome": "down"
  },
  {
    "price": 0.73,
    "size": 5,
    "side": "sell",
    "timestamp": 1768542614000,
    "outcome": "up"
  },
  {
    "price": 0.709999998171742,
    "size": 125.802813,
    "side": "buy",
    "timestamp": 1768542614000,
    "outcome": "up"
  },
  {
    "price": 0.74,
    "size": 102.97,
    "side": "buy",
    "timestamp": 1768542614000,
    "outcome": "up"
  },
  {
    "price": 0.2599998392726805,
    "size": 4.230768,
    "side": "buy",
    "timestamp": 1768542614000,
    "outcome": "down"
  },
  {
    "price": 0.73,
    "size": 12,
    "side": "sell",
    "timestamp": 1768542615000,
    "outcome": "up"
  },
  {
    "price": 0.734505298013245,
    "size": 151,
    "side": "buy",
    "timestamp": 1768542615000,
    "outcome": "up"
  },
  {
    "price": 0.27,
    "size": 4,
    "side": "buy",
    "timestamp": 1768542615000,
    "outcome": "down"
  },
  {
    "price": 0.38,
    "size": 6,
    "side": "buy",
    "timestamp": 1768542615000,
    "outcome": "down"
  },
  {
    "price": 0.71,
    "size": 101,
    "side": "buy",
    "timestamp": 1768542615000,
    "outcome": "up"
  },
  {
    "price": 0.7299998101998595,
    "size": 1.369862,
    "side": "buy",
    "timestamp": 1768542615000,
    "outcome": "up"
  },
  {
    "price": 0.7516556291390728,
    "size": 151,
    "side": "buy",
    "timestamp": 1768542615000,
    "outcome": "up"
  },
  {
    "price": 0.77,
    "size": 89.9,
    "side": "buy",
    "timestamp": 1768542615000,
    "outcome": "up"
  },
  {
    "price": 0.3799999011999269,
    "size": 2.631577,
    "side": "buy",
    "timestamp": 1768542615000,
    "outcome": "down"
  },
  {
    "price": 0.73,
    "size": 6,
    "side": "sell",
    "timestamp": 1768542615000,
    "outcome": "up"
  },
  {
    "price": 0.27,
    "size": 6,
    "side": "buy",
    "timestamp": 1768542615000,
    "outcome": "down"
  },
  {
    "price": 0.729999987589999,
    "size": 13.698629,
    "side": "buy",
    "timestamp": 1768542615000,
    "outcome": "up"
  },
  {
    "price": 0.7156990099009901,
    "size": 101,
    "side": "buy",
    "timestamp": 1768542615000,
    "outcome": "up"
  },
  {
    "price": 0.73,
    "size": 19,
    "side": "sell",
    "timestamp": 1768542615000,
    "outcome": "up"
  },
  {
    "price": 0.3399999727999983,
    "size": 20.588234,
    "side": "buy",
    "timestamp": 1768542616000,
    "outcome": "down"
  },
  {
    "price": 0.68,
    "size": 20,
    "side": "buy",
    "timestamp": 1768542616000,
    "outcome": "up"
  },
  {
    "price": 0.35,
    "size": 10,
    "side": "buy",
    "timestamp": 1768542616000,
    "outcome": "down"
  },
  {
    "price": 0.62,
    "size": 5,
    "side": "buy",
    "timestamp": 1768542617000,
    "outcome": "up"
  },
  {
    "price": 0.37,
    "size": 12,
    "side": "sell",
    "timestamp": 1768542617000,
    "outcome": "down"
  },
  {
    "price": 0.6690710743801653,
    "size": 242,
    "side": "sell",
    "timestamp": 1768542617000,
    "outcome": "up"
  },
  {
    "price": 0.39,
    "size": 1.2,
    "side": "buy",
    "timestamp": 1768542617000,
    "outcome": "down"
  },
  {
    "price": 0.3399999880701748,
    "size": 33.52941,
    "side": "buy",
    "timestamp": 1768542617000,
    "outcome": "down"
  },
  {
    "price": 0.61,
    "size": 9.7,
    "side": "sell",
    "timestamp": 1768542617000,
    "outcome": "up"
  },
  {
    "price": 0.6799998911999086,
    "size": 1.470587,
    "side": "buy",
    "timestamp": 1768542617000,
    "outcome": "up"
  },
  {
    "price": 0.63,
    "size": 5,
    "side": "buy",
    "timestamp": 1768542617000,
    "outcome": "up"
  },
  {
    "price": 0.34,
    "size": 15,
    "side": "buy",
    "timestamp": 1768542617000,
    "outcome": "down"
  },
  {
    "price": 0.3685536711427976,
    "size": 100.392431,
    "side": "buy",
    "timestamp": 1768542617000,
    "outcome": "down"
  },
  {
    "price": 0.3872666666666667,
    "size": 12,
    "side": "buy",
    "timestamp": 1768542617000,
    "outcome": "down"
  },
  {
    "price": 0.599999939999976,
    "size": 3.333332,
    "side": "buy",
    "timestamp": 1768542617000,
    "outcome": "up"
  },
  {
    "price": 0.63,
    "size": 10.5,
    "side": "buy",
    "timestamp": 1768542617000,
    "outcome": "up"
  },
  {
    "price": 0.38,
    "size": 5.92,
    "side": "buy",
    "timestamp": 1768542617000,
    "outcome": "down"
  },
  {
    "price": 0.39,
    "size": 1.2,
    "side": "buy",
    "timestamp": 1768542617000,
    "outcome": "down"
  },
  {
    "price": 0.4,
    "size": 73,
    "side": "buy",
    "timestamp": 1768542617000,
    "outcome": "down"
  },
  {
    "price": 0.3956876712328767,
    "size": 73,
    "side": "buy",
    "timestamp": 1768542617000,
    "outcome": "down"
  },
  {
    "price": 0.39,
    "size": 5,
    "side": "buy",
    "timestamp": 1768542617000,
    "outcome": "down"
  },
  {
    "price": 0.38,
    "size": 5,
    "side": "buy",
    "timestamp": 1768542617000,
    "outcome": "down"
  },
  {
    "price": 0.34,
    "size": 24,
    "side": "buy",
    "timestamp": 1768542617000,
    "outcome": "down"
  },
  {
    "price": 0.63,
    "size": 5,
    "side": "buy",
    "timestamp": 1768542617000,
    "outcome": "up"
  },
  {
    "price": 0.3591485148514851,
    "size": 101,
    "side": "buy",
    "timestamp": 1768542617000,
    "outcome": "down"
  },
  {
    "price": 0.6320575309628446,
    "size": 25.03,
    "side": "buy",
    "timestamp": 1768542617000,
    "outcome": "up"
  },
  {
    "price": 0.39,
    "size": 1.2,
    "side": "buy",
    "timestamp": 1768542617000,
    "outcome": "down"
  },
  {
    "price": 0.38,
    "size": 101,
    "side": "buy",
    "timestamp": 1768542617000,
    "outcome": "down"
  },
  {
    "price": 0.3578745520563256,
    "size": 230.024735,
    "side": "buy",
    "timestamp": 1768542617000,
    "outcome": "down"
  },
  {
    "price": 0.62,
    "size": 6,
    "side": "buy",
    "timestamp": 1768542617000,
    "outcome": "up"
  },
  {
    "price": 0.3799998963635704,
    "size": 2.894735,
    "side": "buy",
    "timestamp": 1768542617000,
    "outcome": "down"
  },
  {
    "price": 0.63,
    "size": 60,
    "side": "buy",
    "timestamp": 1768542617000,
    "outcome": "up"
  },
  {
    "price": 0.39,
    "size": 5,
    "side": "buy",
    "timestamp": 1768542617000,
    "outcome": "down"
  },
  {
    "price": 0.38,
    "size": 5.2,
    "side": "sell",
    "timestamp": 1768542617000,
    "outcome": "down"
  },
  {
    "price": 0.37,
    "size": 21.04,
    "side": "buy",
    "timestamp": 1768542617000,
    "outcome": "down"
  },
  {
    "price": 0.6546,
    "size": 30,
    "side": "sell",
    "timestamp": 1768542617000,
    "outcome": "up"
  },
  {
    "price": 0.35,
    "size": 24,
    "side": "buy",
    "timestamp": 1768542617000,
    "outcome": "down"
  },
  {
    "price": 0.39,
    "size": 5,
    "side": "buy",
    "timestamp": 1768542617000,
    "outcome": "down"
  },
  {
    "price": 0.6252261306532663,
    "size": 7.96,
    "side": "buy",
    "timestamp": 1768542617000,
    "outcome": "up"
  },
  {
    "price": 0.39,
    "size": 5,
    "side": "buy",
    "timestamp": 1768542617000,
    "outcome": "down"
  },
  {
    "price": 0.39,
    "size": 1.2,
    "side": "buy",
    "timestamp": 1768542617000,
    "outcome": "down"
  },
  {
    "price": 0.35,
    "size": 1.2,
    "side": "buy",
    "timestamp": 1768542617000,
    "outcome": "down"
  },
  {
    "price": 0.63,
    "size": 20,
    "side": "buy",
    "timestamp": 1768542618000,
    "outcome": "up"
  },
  {
    "price": 0.63,
    "size": 5,
    "side": "buy",
    "timestamp": 1768542618000,
    "outcome": "up"
  },
  {
    "price": 0.6157046666666667,
    "size": 300,
    "side": "buy",
    "timestamp": 1768542618000,
    "outcome": "up"
  },
  {
    "price": 0.4,
    "size": 145.4,
    "side": "buy",
    "timestamp": 1768542618000,
    "outcome": "down"
  },
  {
    "price": 0.6299999914949993,
    "size": 31.746029,
    "side": "buy",
    "timestamp": 1768542618000,
    "outcome": "up"
  },
  {
    "price": 0.63,
    "size": 1.2,
    "side": "buy",
    "timestamp": 1768542618000,
    "outcome": "up"
  },
  {
    "price": 0.35,
    "size": 106.92,
    "side": "sell",
    "timestamp": 1768542618000,
    "outcome": "down"
  },
  {
    "price": 0.38,
    "size": 8,
    "side": "buy",
    "timestamp": 1768542618000,
    "outcome": "down"
  },
  {
    "price": 0.6383,
    "size": 100,
    "side": "buy",
    "timestamp": 1768542618000,
    "outcome": "up"
  },
  {
    "price": 0.37,
    "size": 42,
    "side": "sell",
    "timestamp": 1768542618000,
    "outcome": "down"
  },
  {
    "price": 0.6299999912888886,
    "size": 32.142856,
    "side": "buy",
    "timestamp": 1768542618000,
    "outcome": "up"
  },
  {
    "price": 0.38,
    "size": 5,
    "side": "buy",
    "timestamp": 1768542618000,
    "outcome": "down"
  },
  {
    "price": 0.38,
    "size": 12.5,
    "side": "buy",
    "timestamp": 1768542618000,
    "outcome": "down"
  },
  {
    "price": 0.63,
    "size": 30,
    "side": "buy",
    "timestamp": 1768542618000,
    "outcome": "up"
  },
  {
    "price": 0.63,
    "size": 15,
    "side": "buy",
    "timestamp": 1768542619000,
    "outcome": "up"
  },
  {
    "price": 0.38,
    "size": 5,
    "side": "buy",
    "timestamp": 1768542619000,
    "outcome": "down"
  },
  {
    "price": 0.6315301693966121,
    "size": 142.86,
    "side": "buy",
    "timestamp": 1768542619000,
    "outcome": "up"
  },
  {
    "price": 0.38,
    "size": 1.2,
    "side": "buy",
    "timestamp": 1768542619000,
    "outcome": "down"
  },
  {
    "price": 0.6299999994615384,
    "size": 18.571427,
    "side": "buy",
    "timestamp": 1768542619000,
    "outcome": "up"
  },
  {
    "price": 0.65,
    "size": 30,
    "side": "buy",
    "timestamp": 1768542619000,
    "outcome": "up"
  },
  {
    "price": 0.65,
    "size": 30,
    "side": "buy",
    "timestamp": 1768542619000,
    "outcome": "up"
  },
  {
    "price": 0.61,
    "size": 33.2459,
    "side": "buy",
    "timestamp": 1768542619000,
    "outcome": "up"
  },
  {
    "price": 0.63,
    "size": 1,
    "side": "buy",
    "timestamp": 1768542619000,
    "outcome": "up"
  },
  {
    "price": 0.63,
    "size": 1.5873,
    "side": "buy",
    "timestamp": 1768542619000,
    "outcome": "up"
  },
  {
    "price": 0.38,
    "size": 5,
    "side": "buy",
    "timestamp": 1768542619000,
    "outcome": "down"
  },
  {
    "price": 0.3703333333333333,
    "size": 30,
    "side": "buy",
    "timestamp": 1768542619000,
    "outcome": "down"
  },
  {
    "price": 0.63,
    "size": 13,
    "side": "buy",
    "timestamp": 1768542619000,
    "outcome": "up"
  },
  {
    "price": 0.38,
    "size": 5,
    "side": "buy",
    "timestamp": 1768542619000,
    "outcome": "down"
  },
  {
    "price": 0.63,
    "size": 8.61,
    "side": "buy",
    "timestamp": 1768542619000,
    "outcome": "up"
  },
  {
    "price": 0.373195,
    "size": 20,
    "side": "buy",
    "timestamp": 1768542619000,
    "outcome": "down"
  },
  {
    "price": 0.6299998453633932,
    "size": 1.746029,
    "side": "buy",
    "timestamp": 1768542619000,
    "outcome": "up"
  },
  {
    "price": 0.3535203890759446,
    "size": 106.92,
    "side": "sell",
    "timestamp": 1768542619000,
    "outcome": "down"
  },
  {
    "price": 0.38,
    "size": 5,
    "side": "buy",
    "timestamp": 1768542619000,
    "outcome": "down"
  },
  {
    "price": 0.41,
    "size": 101,
    "side": "buy",
    "timestamp": 1768542619000,
    "outcome": "down"
  },
  {
    "price": 0.63,
    "size": 24,
    "side": "buy",
    "timestamp": 1768542619000,
    "outcome": "up"
  },
  {
    "price": 0.65,
    "size": 5,
    "side": "buy",
    "timestamp": 1768542619000,
    "outcome": "up"
  },
  {
    "price": 0.613515329693406,
    "size": 142.86,
    "side": "buy",
    "timestamp": 1768542619000,
    "outcome": "up"
  },
  {
    "price": 0.38,
    "size": 5,
    "side": "buy",
    "timestamp": 1768542619000,
    "outcome": "down"
  },
  {
    "price": 0.64,
    "size": 12,
    "side": "sell",
    "timestamp": 1768542619000,
    "outcome": "up"
  },
  {
    "price": 0.3799998802423894,
    "size": 4.342104,
    "side": "buy",
    "timestamp": 1768542619000,
    "outcome": "down"
  },
  {
    "price": 0.38,
    "size": 2.87,
    "side": "buy",
    "timestamp": 1768542619000,
    "outcome": "down"
  },
  {
    "price": 0.64,
    "size": 10.01,
    "side": "sell",
    "timestamp": 1768542619000,
    "outcome": "up"
  },
  {
    "price": 0.64,
    "size": 1.71875,
    "side": "buy",
    "timestamp": 1768542619000,
    "outcome": "up"
  },
  {
    "price": 0.38,
    "size": 10,
    "side": "buy",
    "timestamp": 1768542620000,
    "outcome": "down"
  },
  {
    "price": 0.38,
    "size": 5,
    "side": "buy",
    "timestamp": 1768542620000,
    "outcome": "down"
  },
  {
    "price": 0.3626666666666667,
    "size": 30,
    "side": "sell",
    "timestamp": 1768542620000,
    "outcome": "down"
  },
  {
    "price": 0.6482422876824355,
    "size": 28.446151,
    "side": "buy",
    "timestamp": 1768542620000,
    "outcome": "up"
  },
  {
    "price": 0.37,
    "size": 9.39,
    "side": "buy",
    "timestamp": 1768542620000,
    "outcome": "down"
  },
  {
    "price": 0.38,
    "size": 5,
    "side": "buy",
    "timestamp": 1768542620000,
    "outcome": "down"
  },
  {
    "price": 0.64,
    "size": 15,
    "side": "buy",
    "timestamp": 1768542620000,
    "outcome": "up"
  },
  {
    "price": 0.6,
    "size": 13,
    "side": "buy",
    "timestamp": 1768542620000,
    "outcome": "up"
  },
  {
    "price": 0.6199998511998869,
    "size": 1.612902,
    "side": "buy",
    "timestamp": 1768542620000,
    "outcome": "up"
  },
  {
    "price": 0.64,
    "size": 2.28,
    "side": "buy",
    "timestamp": 1768542620000,
    "outcome": "up"
  },
  {
    "price": 0.62,
    "size": 10,
    "side": "buy",
    "timestamp": 1768542620000,
    "outcome": "up"
  },
  {
    "price": 0.6,
    "size": 5,
    "side": "buy",
    "timestamp": 1768542620000,
    "outcome": "up"
  },
  {
    "price": 0.63,
    "size": 5,
    "side": "buy",
    "timestamp": 1768542620000,
    "outcome": "up"
  },
  {
    "price": 0.3955445544554455,
    "size": 101,
    "side": "buy",
    "timestamp": 1768542620000,
    "outcome": "down"
  },
  {
    "price": 0.37,
    "size": 43,
    "side": "sell",
    "timestamp": 1768542621000,
    "outcome": "down"
  },
  {
    "price": 0.59,
    "size": 14.6,
    "side": "sell",
    "timestamp": 1768542621000,
    "outcome": "up"
  },
  {
    "price": 0.37,
    "size": 20.57,
    "side": "sell",
    "timestamp": 1768542621000,
    "outcome": "down"
  },
  {
    "price": 0.38,
    "size": 5,
    "side": "buy",
    "timestamp": 1768542621000,
    "outcome": "down"
  },
  {
    "price": 0.62,
    "size": 19,
    "side": "buy",
    "timestamp": 1768542621000,
    "outcome": "up"
  },
  {
    "price": 0.619999954074035,
    "size": 1.741934,
    "side": "buy",
    "timestamp": 1768542621000,
    "outcome": "up"
  },
  {
    "price": 0.4,
    "size": 0.54,
    "side": "sell",
    "timestamp": 1768542621000,
    "outcome": "down"
  },
  {
    "price": 0.3799998963635704,
    "size": 2.894735,
    "side": "buy",
    "timestamp": 1768542621000,
    "outcome": "down"
  },
  {
    "price": 0.6,
    "size": 18.39,
    "side": "buy",
    "timestamp": 1768542621000,
    "outcome": "up"
  },
  {
    "price": 0.62,
    "size": 5,
    "side": "buy",
    "timestamp": 1768542621000,
    "outcome": "up"
  },
  {
    "price": 0.62,
    "size": 13,
    "side": "buy",
    "timestamp": 1768542621000,
    "outcome": "up"
  },
  {
    "price": 0.619999954074035,
    "size": 1.741934,
    "side": "buy",
    "timestamp": 1768542621000,
    "outcome": "up"
  },
  {
    "price": 0.41,
    "size": 4.53,
    "side": "buy",
    "timestamp": 1768542621000,
    "outcome": "down"
  },
  {
    "price": 0.619999954074035,
    "size": 1.741934,
    "side": "buy",
    "timestamp": 1768542621000,
    "outcome": "up"
  },
  {
    "price": 0.38,
    "size": 66.52,
    "side": "buy",
    "timestamp": 1768542621000,
    "outcome": "down"
  },
  {
    "price": 0.64,
    "size": 5.5,
    "side": "buy",
    "timestamp": 1768542621000,
    "outcome": "up"
  },
  {
    "price": 0.62,
    "size": 31.93,
    "side": "buy",
    "timestamp": 1768542621000,
    "outcome": "up"
  },
  {
    "price": 0.3899998971817518,
    "size": 2.820511,
    "side": "buy",
    "timestamp": 1768542621000,
    "outcome": "down"
  },
  {
    "price": 0.6,
    "size": 1.666665,
    "side": "buy",
    "timestamp": 1768542621000,
    "outcome": "up"
  },
  {
    "price": 0.38,
    "size": 0.62,
    "side": "sell",
    "timestamp": 1768542621000,
    "outcome": "down"
  },
  {
    "price": 0.3799999011999269,
    "size": 2.631577,
    "side": "buy",
    "timestamp": 1768542621000,
    "outcome": "down"
  },
  {
    "price": 0.62,
    "size": 5,
    "side": "buy",
    "timestamp": 1768542621000,
    "outcome": "up"
  },
  {
    "price": 0.62,
    "size": 20,
    "side": "buy",
    "timestamp": 1768542621000,
    "outcome": "up"
  },
  {
    "price": 0.41,
    "size": 50,
    "side": "buy",
    "timestamp": 1768542621000,
    "outcome": "down"
  },
  {
    "price": 0.38,
    "size": 10,
    "side": "buy",
    "timestamp": 1768542621000,
    "outcome": "down"
  },
  {
    "price": 0.39,
    "size": 21,
    "side": "buy",
    "timestamp": 1768542621000,
    "outcome": "down"
  },
  {
    "price": 0.6199999774545258,
    "size": 1.774192,
    "side": "buy",
    "timestamp": 1768542621000,
    "outcome": "up"
  },
  {
    "price": 0.3930059523809524,
    "size": 134.4,
    "side": "buy",
    "timestamp": 1768542621000,
    "outcome": "down"
  },
  {
    "price": 0.3899998770908733,
    "size": 4.230768,
    "side": "buy",
    "timestamp": 1768542621000,
    "outcome": "down"
  },
  {
    "price": 0.62,
    "size": 60.13,
    "side": "sell",
    "timestamp": 1768542621000,
    "outcome": "up"
  },
  {
    "price": 0.6199999859090859,
    "size": 4.258063,
    "side": "buy",
    "timestamp": 1768542622000,
    "outcome": "up"
  },
  {
    "price": 0.62,
    "size": 2.48,
    "side": "buy",
    "timestamp": 1768542622000,
    "outcome": "up"
  },
  {
    "price": 0.39,
    "size": 11,
    "side": "buy",
    "timestamp": 1768542622000,
    "outcome": "down"
  },
  {
    "price": 0.38,
    "size": 0.7,
    "side": "sell",
    "timestamp": 1768542622000,
    "outcome": "down"
  },
  {
    "price": 0.39,
    "size": 14.08,
    "side": "buy",
    "timestamp": 1768542622000,
    "outcome": "down"
  },
  {
    "price": 0.62,
    "size": 10,
    "side": "buy",
    "timestamp": 1768542622000,
    "outcome": "up"
  },
  {
    "price": 0.62,
    "size": 5,
    "side": "buy",
    "timestamp": 1768542622000,
    "outcome": "up"
  },
  {
    "price": 0.62,
    "size": 5,
    "side": "buy",
    "timestamp": 1768542622000,
    "outcome": "up"
  },
  {
    "price": 0.39,
    "size": 6,
    "side": "buy",
    "timestamp": 1768542623000,
    "outcome": "down"
  },
  {
    "price": 0.62,
    "size": 5,
    "side": "buy",
    "timestamp": 1768542623000,
    "outcome": "up"
  },
  {
    "price": 0.61,
    "size": 16.14,
    "side": "sell",
    "timestamp": 1768542623000,
    "outcome": "up"
  },
  {
    "price": 0.3899998833644119,
    "size": 2.743588,
    "side": "buy",
    "timestamp": 1768542623000,
    "outcome": "down"
  },
  {
    "price": 0.3899998478999072,
    "size": 2.564101,
    "side": "buy",
    "timestamp": 1768542623000,
    "outcome": "down"
  },
  {
    "price": 0.6199999936770532,
    "size": 28.467739,
    "side": "buy",
    "timestamp": 1768542623000,
    "outcome": "up"
  },
  {
    "price": 0.62,
    "size": 13,
    "side": "buy",
    "timestamp": 1768542623000,
    "outcome": "up"
  },
  {
    "price": 0.38,
    "size": 0.69,
    "side": "sell",
    "timestamp": 1768542623000,
    "outcome": "down"
  },
  {
    "price": 0.62,
    "size": 12,
    "side": "buy",
    "timestamp": 1768542623000,
    "outcome": "up"
  },
  {
    "price": 0.39,
    "size": 12,
    "side": "buy",
    "timestamp": 1768542623000,
    "outcome": "down"
  },
  {
    "price": 0.3899998478999072,
    "size": 2.564101,
    "side": "buy",
    "timestamp": 1768542623000,
    "outcome": "down"
  },
  {
    "price": 0.6199999774545258,
    "size": 1.774192,
    "side": "buy",
    "timestamp": 1768542623000,
    "outcome": "up"
  },
  {
    "price": 0.6199999863599989,
    "size": 16.129031,
    "side": "buy",
    "timestamp": 1768542623000,
    "outcome": "up"
  },
  {
    "price": 0.619999954074035,
    "size": 1.741934,
    "side": "buy",
    "timestamp": 1768542624000,
    "outcome": "up"
  },
  {
    "price": 0.619999954074035,
    "size": 1.741934,
    "side": "buy",
    "timestamp": 1768542624000,
    "outcome": "up"
  },
  {
    "price": 0.62,
    "size": 5,
    "side": "buy",
    "timestamp": 1768542624000,
    "outcome": "up"
  },
  {
    "price": 0.62,
    "size": 5,
    "side": "buy",
    "timestamp": 1768542624000,
    "outcome": "up"
  },
  {
    "price": 0.39,
    "size": 20,
    "side": "buy",
    "timestamp": 1768542624000,
    "outcome": "down"
  },
  {
    "price": 0.39,
    "size": 5,
    "side": "buy",
    "timestamp": 1768542624000,
    "outcome": "down"
  },
  {
    "price": 0.62,
    "size": 2,
    "side": "buy",
    "timestamp": 1768542625000,
    "outcome": "up"
  },
  {
    "price": 0.3899998478999072,
    "size": 2.564101,
    "side": "buy",
    "timestamp": 1768542625000,
    "outcome": "down"
  },
  {
    "price": 0.61,
    "size": 9,
    "side": "sell",
    "timestamp": 1768542625000,
    "outcome": "up"
  },
  {
    "price": 0.62,
    "size": 21.43,
    "side": "buy",
    "timestamp": 1768542625000,
    "outcome": "up"
  },
  {
    "price": 0.3899998478999072,
    "size": 2.564101,
    "side": "buy",
    "timestamp": 1768542625000,
    "outcome": "down"
  },
  {
    "price": 0.3899998770908733,
    "size": 4.230768,
    "side": "buy",
    "timestamp": 1768542625000,
    "outcome": "down"
  },
  {
    "price": 0.61,
    "size": 6.75,
    "side": "sell",
    "timestamp": 1768542625000,
    "outcome": "up"
  },
  {
    "price": 0.3899998478999072,
    "size": 2.564101,
    "side": "buy",
    "timestamp": 1768542625000,
    "outcome": "down"
  },
  {
    "price": 0.61,
    "size": 20,
    "side": "sell",
    "timestamp": 1768542625000,
    "outcome": "up"
  },
  {
    "price": 0.3899998478999072,
    "size": 2.564101,
    "side": "buy",
    "timestamp": 1768542625000,
    "outcome": "down"
  },
  {
    "price": 0.3899998478999072,
    "size": 2.564101,
    "side": "buy",
    "timestamp": 1768542625000,
    "outcome": "down"
  },
  {
    "price": 0.39,
    "size": 4.93,
    "side": "buy",
    "timestamp": 1768542625000,
    "outcome": "down"
  },
  {
    "price": 0.62,
    "size": 20,
    "side": "buy",
    "timestamp": 1768542625000,
    "outcome": "up"
  },
  {
    "price": 0.62,
    "size": 5,
    "side": "buy",
    "timestamp": 1768542625000,
    "outcome": "up"
  },
  {
    "price": 0.62,
    "size": 10,
    "side": "buy",
    "timestamp": 1768542625000,
    "outcome": "up"
  },
  {
    "price": 0.62,
    "size": 10,
    "side": "buy",
    "timestamp": 1768542625000,
    "outcome": "up"
  },
  {
    "price": 0.61,
    "size": 8.21,
    "side": "sell",
    "timestamp": 1768542625000,
    "outcome": "up"
  },
  {
    "price": 0.62,
    "size": 10,
    "side": "buy",
    "timestamp": 1768542625000,
    "outcome": "up"
  },
  {
    "price": 0.62,
    "size": 5,
    "side": "buy",
    "timestamp": 1768542625000,
    "outcome": "up"
  },
  {
    "price": 0.38,
    "size": 5,
    "side": "sell",
    "timestamp": 1768542625000,
    "outcome": "down"
  },
  {
    "price": 0.6199999774545258,
    "size": 1.774192,
    "side": "buy",
    "timestamp": 1768542625000,
    "outcome": "up"
  },
  {
    "price": 0.62,
    "size": 2.88,
    "side": "buy",
    "timestamp": 1768542625000,
    "outcome": "up"
  },
  {
    "price": 0.61999998622222,
    "size": 17.419352,
    "side": "buy",
    "timestamp": 1768542625000,
    "outcome": "up"
  },
  {
    "price": 0.3899998770908733,
    "size": 4.230768,
    "side": "buy",
    "timestamp": 1768542625000,
    "outcome": "down"
  },
  {
    "price": 0.64,
    "size": 20.3125,
    "side": "buy",
    "timestamp": 1768542625000,
    "outcome": "up"
  },
  {
    "price": 0.63,
    "size": 12.03,
    "side": "sell",
    "timestamp": 1768542625000,
    "outcome": "up"
  },
  {
    "price": 0.62,
    "size": 10.87,
    "side": "buy",
    "timestamp": 1768542625000,
    "outcome": "up"
  },
  {
    "price": 0.64,
    "size": 2.34375,
    "side": "buy",
    "timestamp": 1768542625000,
    "outcome": "up"
  },
  {
    "price": 0.6396668392878767,
    "size": 45.023436,
    "side": "buy",
    "timestamp": 1768542625000,
    "outcome": "up"
  },
  {
    "price": 0.6425296130709428,
    "size": 12.917691,
    "side": "buy",
    "timestamp": 1768542625000,
    "outcome": "up"
  },
  {
    "price": 0.619999954074035,
    "size": 1.741934,
    "side": "buy",
    "timestamp": 1768542625000,
    "outcome": "up"
  },
  {
    "price": 0.6499998522724924,
    "size": 1.692305,
    "side": "buy",
    "timestamp": 1768542626000,
    "outcome": "up"
  },
  {
    "price": 0.65,
    "size": 30.42,
    "side": "buy",
    "timestamp": 1768542626000,
    "outcome": "up"
  },
  {
    "price": 0.63,
    "size": 50,
    "side": "buy",
    "timestamp": 1768542626000,
    "outcome": "up"
  },
  {
    "price": 0.3587364238410596,
    "size": 151,
    "side": "sell",
    "timestamp": 1768542626000,
    "outcome": "down"
  },
  {
    "price": 0.65,
    "size": 5,
    "side": "buy",
    "timestamp": 1768542626000,
    "outcome": "up"
  },
  {
    "price": 0.65,
    "size": 2.43,
    "side": "buy",
    "timestamp": 1768542626000,
    "outcome": "up"
  },
  {
    "price": 0.65,
    "size": 5,
    "side": "buy",
    "timestamp": 1768542626000,
    "outcome": "up"
  },
  {
    "price": 0.65,
    "size": 3.17,
    "side": "buy",
    "timestamp": 1768542626000,
    "outcome": "up"
  },
  {
    "price": 0.3599998703999171,
    "size": 2.777776,
    "side": "buy",
    "timestamp": 1768542626000,
    "outcome": "down"
  },
  {
    "price": 0.3599999759999976,
    "size": 16.666665,
    "side": "buy",
    "timestamp": 1768542626000,
    "outcome": "down"
  },
  {
    "price": 0.65,
    "size": 5,
    "side": "buy",
    "timestamp": 1768542626000,
    "outcome": "up"
  },
  {
    "price": 0.65,
    "size": 5,
    "side": "buy",
    "timestamp": 1768542626000,
    "outcome": "up"
  },
  {
    "price": 0.65,
    "size": 5,
    "side": "buy",
    "timestamp": 1768542627000,
    "outcome": "up"
  },
  {
    "price": 0.65,
    "size": 5,
    "side": "buy",
    "timestamp": 1768542627000,
    "outcome": "up"
  },
  {
    "price": 0.65,
    "size": 5,
    "side": "buy",
    "timestamp": 1768542627000,
    "outcome": "up"
  },
  {
    "price": 0.65,
    "size": 5,
    "side": "buy",
    "timestamp": 1768542627000,
    "outcome": "up"
  },
  {
    "price": 0.65,
    "size": 5,
    "side": "buy",
    "timestamp": 1768542627000,
    "outcome": "up"
  },
  {
    "price": 0.3599998865454215,
    "size": 4.583332,
    "side": "buy",
    "timestamp": 1768542627000,
    "outcome": "down"
  },
  {
    "price": 0.64,
    "size": 4.79,
    "side": "buy",
    "timestamp": 1768542627000,
    "outcome": "up"
  },
  {
    "price": 0.35,
    "size": 13.19,
    "side": "sell",
    "timestamp": 1768542627000,
    "outcome": "down"
  },
  {
    "price": 0.3599998703999171,
    "size": 2.777776,
    "side": "buy",
    "timestamp": 1768542627000,
    "outcome": "down"
  },
  {
    "price": 0.6499998522724924,
    "size": 1.692305,
    "side": "buy",
    "timestamp": 1768542627000,
    "outcome": "up"
  },
  {
    "price": 0.35,
    "size": 0.99,
    "side": "sell",
    "timestamp": 1768542627000,
    "outcome": "down"
  },
  {
    "price": 0.65,
    "size": 5,
    "side": "buy",
    "timestamp": 1768542627000,
    "outcome": "up"
  },
  {
    "price": 0.64,
    "size": 5,
    "side": "buy",
    "timestamp": 1768542627000,
    "outcome": "up"
  },
  {
    "price": 0.36,
    "size": 10,
    "side": "buy",
    "timestamp": 1768542627000,
    "outcome": "down"
  },
  {
    "price": 0.64,
    "size": 5,
    "side": "buy",
    "timestamp": 1768542627000,
    "outcome": "up"
  },
  {
    "price": 0.65,
    "size": 5,
    "side": "buy",
    "timestamp": 1768542627000,
    "outcome": "up"
  },
  {
    "price": 0.37,
    "size": 9.28,
    "side": "buy",
    "timestamp": 1768542627000,
    "outcome": "down"
  },
  {
    "price": 0.64,
    "size": 1.71875,
    "side": "buy",
    "timestamp": 1768542628000,
    "outcome": "up"
  },
  {
    "price": 0.64,
    "size": 3.71,
    "side": "buy",
    "timestamp": 1768542628000,
    "outcome": "up"
  },
  {
    "price": 0.3799999607294754,
    "size": 8.657893,
    "side": "buy",
    "timestamp": 1768542628000,
    "outcome": "down"
  },
  {
    "price": 0.3699998968484511,
    "size": 4.459458,
    "side": "buy",
    "timestamp": 1768542628000,
    "outcome": "down"
  },
  {
    "price": 0.64,
    "size": 4.71,
    "side": "buy",
    "timestamp": 1768542628000,
    "outcome": "up"
  },
  {
    "price": 0.64,
    "size": 2,
    "side": "buy",
    "timestamp": 1768542628000,
    "outcome": "up"
  },
  {
    "price": 0.36,
    "size": 0.99,
    "side": "sell",
    "timestamp": 1768542628000,
    "outcome": "down"
  },
  {
    "price": 0.64,
    "size": 8.31,
    "side": "buy",
    "timestamp": 1768542628000,
    "outcome": "up"
  },
  {
    "price": 0.3699998630999138,
    "size": 2.702701,
    "side": "buy",
    "timestamp": 1768542628000,
    "outcome": "down"
  },
  {
    "price": 0.37,
    "size": 3.45,
    "side": "buy",
    "timestamp": 1768542628000,
    "outcome": "down"
  },
  {
    "price": 0.36,
    "size": 0.99,
    "side": "sell",
    "timestamp": 1768542628000,
    "outcome": "down"
  },
  {
    "price": 0.64,
    "size": 73,
    "side": "buy",
    "timestamp": 1768542629000,
    "outcome": "up"
  },
  {
    "price": 0.64,
    "size": 6.59375,
    "side": "buy",
    "timestamp": 1768542629000,
    "outcome": "up"
  },
  {
    "price": 0.64,
    "size": 5,
    "side": "buy",
    "timestamp": 1768542629000,
    "outcome": "up"
  },
  {
    "price": 0.64,
    "size": 20.90625,
    "side": "buy",
    "timestamp": 1768542629000,
    "outcome": "up"
  },
  {
    "price": 0.37,
    "size": 15,
    "side": "buy",
    "timestamp": 1768542629000,
    "outcome": "down"
  },
  {
    "price": 0.64,
    "size": 6.59375,
    "side": "buy",
    "timestamp": 1768542629000,
    "outcome": "up"
  },
  {
    "price": 0.63,
    "size": 1.76,
    "side": "buy",
    "timestamp": 1768542629000,
    "outcome": "up"
  },
  {
    "price": 0.36,
    "size": 0.99,
    "side": "sell",
    "timestamp": 1768542629000,
    "outcome": "down"
  },
  {
    "price": 0.6299998308330655,
    "size": 1.714283,
    "side": "buy",
    "timestamp": 1768542629000,
    "outcome": "up"
  },
  {
    "price": 0.6299998308330655,
    "size": 1.714283,
    "side": "buy",
    "timestamp": 1768542629000,
    "outcome": "up"
  },
  {
    "price": 0.37,
    "size": 0.99,
    "side": "sell",
    "timestamp": 1768542629000,
    "outcome": "down"
  },
  {
    "price": 0.63,
    "size": 15,
    "side": "buy",
    "timestamp": 1768542629000,
    "outcome": "up"
  },
  {
    "price": 0.3799998963635704,
    "size": 2.894735,
    "side": "buy",
    "timestamp": 1768542629000,
    "outcome": "down"
  },
  {
    "price": 0.37,
    "size": 0.99,
    "side": "sell",
    "timestamp": 1768542629000,
    "outcome": "down"
  },
  {
    "price": 0.3799998802423894,
    "size": 4.342104,
    "side": "buy",
    "timestamp": 1768542629000,
    "outcome": "down"
  },
  {
    "price": 0.3699999483947305,
    "size": 10.270269,
    "side": "buy",
    "timestamp": 1768542629000,
    "outcome": "down"
  },
  {
    "price": 0.6299999981627296,
    "size": 54.42857,
    "side": "buy",
    "timestamp": 1768542629000,
    "outcome": "up"
  },
  {
    "price": 0.6299998308330655,
    "size": 1.714283,
    "side": "buy",
    "timestamp": 1768542629000,
    "outcome": "up"
  },
  {
    "price": 0.6299998453633932,
    "size": 1.746029,
    "side": "buy",
    "timestamp": 1768542629000,
    "outcome": "up"
  },
  {
    "price": 0.6299998308330655,
    "size": 1.714283,
    "side": "buy",
    "timestamp": 1768542629000,
    "outcome": "up"
  },
  {
    "price": 0.38,
    "size": 101,
    "side": "buy",
    "timestamp": 1768542629000,
    "outcome": "down"
  },
  {
    "price": 0.64,
    "size": 73,
    "side": "buy",
    "timestamp": 1768542629000,
    "outcome": "up"
  },
  {
    "price": 0.3799998963635704,
    "size": 2.894735,
    "side": "buy",
    "timestamp": 1768542629000,
    "outcome": "down"
  },
  {
    "price": 0.62999992973075,
    "size": 4.126983,
    "side": "buy",
    "timestamp": 1768542629000,
    "outcome": "up"
  },
  {
    "price": 0.38,
    "size": 17.39,
    "side": "buy",
    "timestamp": 1768542629000,
    "outcome": "down"
  },
  {
    "price": 0.38,
    "size": 5,
    "side": "buy",
    "timestamp": 1768542629000,
    "outcome": "down"
  },
  {
    "price": 0.37,
    "size": 19.68,
    "side": "sell",
    "timestamp": 1768542629000,
    "outcome": "down"
  },
  {
    "price": 0.6299998308330655,
    "size": 1.714283,
    "side": "buy",
    "timestamp": 1768542629000,
    "outcome": "up"
  },
  {
    "price": 0.63,
    "size": 5,
    "side": "buy",
    "timestamp": 1768542629000,
    "outcome": "up"
  },
  {
    "price": 0.37,
    "size": 6.55,
    "side": "buy",
    "timestamp": 1768542629000,
    "outcome": "down"
  },
  {
    "price": 0.3755772277227723,
    "size": 101,
    "side": "buy",
    "timestamp": 1768542630000,
    "outcome": "down"
  },
  {
    "price": 0.64,
    "size": 1.71875,
    "side": "buy",
    "timestamp": 1768542630000,
    "outcome": "up"
  },
  {
    "price": 0.3699999592051222,
    "size": 10.540539,
    "side": "buy",
    "timestamp": 1768542630000,
    "outcome": "down"
  },
  {
    "price": 0.64,
    "size": 13.1875,
    "side": "buy",
    "timestamp": 1768542630000,
    "outcome": "up"
  },
  {
    "price": 0.38,
    "size": 16.09,
    "side": "buy",
    "timestamp": 1768542630000,
    "outcome": "down"
  },
  {
    "price": 0.38,
    "size": 3.07,
    "side": "sell",
    "timestamp": 1768542630000,
    "outcome": "down"
  },
  {
    "price": 0.37,
    "size": 0.99,
    "side": "sell",
    "timestamp": 1768542630000,
    "outcome": "down"
  },
  {
    "price": 0.6299999987920014,
    "size": 173.841267,
    "side": "buy",
    "timestamp": 1768542630000,
    "outcome": "up"
  },
  {
    "price": 0.39,
    "size": 5.02,
    "side": "buy",
    "timestamp": 1768542630000,
    "outcome": "down"
  },
  {
    "price": 0.64,
    "size": 1.6875,
    "side": "buy",
    "timestamp": 1768542630000,
    "outcome": "up"
  },
  {
    "price": 0.62,
    "size": 24,
    "side": "buy",
    "timestamp": 1768542630000,
    "outcome": "up"
  },
  {
    "price": 0.6299999988815175,
    "size": 169.873013,
    "side": "buy",
    "timestamp": 1768542630000,
    "outcome": "up"
  },
  {
    "price": 0.6299999975152998,
    "size": 116.714283,
    "side": "buy",
    "timestamp": 1768542630000,
    "outcome": "up"
  },
  {
    "price": 0.61,
    "size": 21,
    "side": "sell",
    "timestamp": 1768542630000,
    "outcome": "up"
  },
  {
    "price": 0.38,
    "size": 1.53,
    "side": "sell",
    "timestamp": 1768542631000,
    "outcome": "down"
  },
  {
    "price": 0.6199999878431351,
    "size": 8.225805,
    "side": "buy",
    "timestamp": 1768542631000,
    "outcome": "up"
  },
  {
    "price": 0.38,
    "size": 7.67,
    "side": "sell",
    "timestamp": 1768542631000,
    "outcome": "down"
  },
  {
    "price": 0.38,
    "size": 6.14,
    "side": "sell",
    "timestamp": 1768542631000,
    "outcome": "down"
  },
  {
    "price": 0.37,
    "size": 0.99,
    "side": "sell",
    "timestamp": 1768542631000,
    "outcome": "down"
  },
  {
    "price": 0.63,
    "size": 5.5873,
    "side": "buy",
    "timestamp": 1768542631000,
    "outcome": "up"
  },
  {
    "price": 0.64,
    "size": 4.390625,
    "side": "buy",
    "timestamp": 1768542631000,
    "outcome": "up"
  },
  {
    "price": 0.38,
    "size": 1.53,
    "side": "sell",
    "timestamp": 1768542631000,
    "outcome": "down"
  },
  {
    "price": 0.63,
    "size": 11.52,
    "side": "sell",
    "timestamp": 1768542631000,
    "outcome": "up"
  },
  {
    "price": 0.38,
    "size": 4.42,
    "side": "buy",
    "timestamp": 1768542631000,
    "outcome": "down"
  },
  {
    "price": 0.64,
    "size": 5.5,
    "side": "buy",
    "timestamp": 1768542631000,
    "outcome": "up"
  },
  {
    "price": 0.6199999953030301,
    "size": 63.870965,
    "side": "buy",
    "timestamp": 1768542631000,
    "outcome": "up"
  },
  {
    "price": 0.38,
    "size": 1.53,
    "side": "sell",
    "timestamp": 1768542631000,
    "outcome": "down"
  },
  {
    "price": 0.3799998802423894,
    "size": 4.342104,
    "side": "buy",
    "timestamp": 1768542631000,
    "outcome": "down"
  },
  {
    "price": 0.64,
    "size": 13,
    "side": "buy",
    "timestamp": 1768542631000,
    "outcome": "up"
  },
  {
    "price": 0.38,
    "size": 52.21,
    "side": "sell",
    "timestamp": 1768542631000,
    "outcome": "down"
  },
  {
    "price": 0.62999992973075,
    "size": 4.126983,
    "side": "buy",
    "timestamp": 1768542631000,
    "outcome": "up"
  },
  {
    "price": 0.64,
    "size": 47.640625,
    "side": "buy",
    "timestamp": 1768542631000,
    "outcome": "up"
  },
  {
    "price": 0.6337984,
    "size": 312.5,
    "side": "buy",
    "timestamp": 1768542631000,
    "outcome": "up"
  },
  {
    "price": 0.6322467973162671,
    "size": 113.08875,
    "side": "buy",
    "timestamp": 1768542631000,
    "outcome": "up"
  },
  {
    "price": 0.64,
    "size": 1.5625,
    "side": "buy",
    "timestamp": 1768542631000,
    "outcome": "up"
  },
  {
    "price": 0.6211760344060507,
    "size": 67.43,
    "side": "sell",
    "timestamp": 1768542631000,
    "outcome": "up"
  },
  {
    "price": 0.62,
    "size": 36,
    "side": "sell",
    "timestamp": 1768542631000,
    "outcome": "up"
  },
  {
    "price": 0.38,
    "size": 3.07,
    "side": "sell",
    "timestamp": 1768542631000,
    "outcome": "down"
  },
  {
    "price": 0.38,
    "size": 11,
    "side": "buy",
    "timestamp": 1768542631000,
    "outcome": "down"
  },
  {
    "price": 0.63,
    "size": 103,
    "side": "buy",
    "timestamp": 1768542631000,
    "outcome": "up"
  },
  {
    "price": 0.63,
    "size": 5.19,
    "side": "buy",
    "timestamp": 1768542631000,
    "outcome": "up"
  },
  {
    "price": 0.37,
    "size": 1.79,
    "side": "sell",
    "timestamp": 1768542631000,
    "outcome": "down"
  },
  {
    "price": 0.38,
    "size": 3.71,
    "side": "buy",
    "timestamp": 1768542631000,
    "outcome": "down"
  },
  {
    "price": 0.63,
    "size": 2,
    "side": "buy",
    "timestamp": 1768542632000,
    "outcome": "up"
  },
  {
    "price": 0.6299998661944819,
    "size": 1.793648,
    "side": "buy",
    "timestamp": 1768542632000,
    "outcome": "up"
  },
  {
    "price": 0.379999843738236,
    "size": 2.815788,
    "side": "buy",
    "timestamp": 1768542632000,
    "outcome": "down"
  },
  {
    "price": 0.71,
    "size": 7.42,
    "side": "sell",
    "timestamp": 1768542632000,
    "outcome": "up"
  },
  {
    "price": 0.62,
    "size": 1.03,
    "side": "sell",
    "timestamp": 1768542632000,
    "outcome": "up"
  },
  {
    "price": 0.36,
    "size": 4.52,
    "side": "buy",
    "timestamp": 1768542632000,
    "outcome": "down"
  },
  {
    "price": 0.68,
    "size": 5,
    "side": "buy",
    "timestamp": 1768542632000,
    "outcome": "up"
  },
  {
    "price": 0.379999843738236,
    "size": 2.815788,
    "side": "buy",
    "timestamp": 1768542632000,
    "outcome": "down"
  },
  {
    "price": 0.349999929999979,
    "size": 5.714284,
    "side": "buy",
    "timestamp": 1768542632000,
    "outcome": "down"
  },
  {
    "price": 0.38,
    "size": 8,
    "side": "buy",
    "timestamp": 1768542632000,
    "outcome": "down"
  },
  {
    "price": 0.3699999694749949,
    "size": 10.810809,
    "side": "buy",
    "timestamp": 1768542632000,
    "outcome": "down"
  },
  {
    "price": 0.33,
    "size": 30,
    "side": "sell",
    "timestamp": 1768542632000,
    "outcome": "down"
  },
  {
    "price": 0.35,
    "size": 28,
    "side": "sell",
    "timestamp": 1768542632000,
    "outcome": "down"
  },
  {
    "price": 0.64,
    "size": 10,
    "side": "buy",
    "timestamp": 1768542633000,
    "outcome": "up"
  },
  {
    "price": 0.64,
    "size": 50,
    "side": "buy",
    "timestamp": 1768542633000,
    "outcome": "up"
  },
  {
    "price": 0.6386548324188627,
    "size": 50.105311,
    "side": "buy",
    "timestamp": 1768542633000,
    "outcome": "up"
  },
  {
    "price": 0.69,
    "size": 1.2,
    "side": "buy",
    "timestamp": 1768542633000,
    "outcome": "up"
  },
  {
    "price": 0.69,
    "size": 18,
    "side": "buy",
    "timestamp": 1768542633000,
    "outcome": "up"
  },
  {
    "price": 0.7,
    "size": 19,
    "side": "buy",
    "timestamp": 1768542633000,
    "outcome": "up"
  },
  {
    "price": 0.33,
    "size": 8,
    "side": "buy",
    "timestamp": 1768542633000,
    "outcome": "down"
  },
  {
    "price": 0.34,
    "size": 124.71,
    "side": "sell",
    "timestamp": 1768542633000,
    "outcome": "down"
  },
  {
    "price": 0.3499999151514843,
    "size": 4.714284,
    "side": "buy",
    "timestamp": 1768542633000,
    "outcome": "down"
  },
  {
    "price": 0.2899999824692616,
    "size": 33.655171,
    "side": "buy",
    "timestamp": 1768542633000,
    "outcome": "down"
  },
  {
    "price": 0.68,
    "size": 9,
    "side": "buy",
    "timestamp": 1768542633000,
    "outcome": "up"
  },
  {
    "price": 0.65,
    "size": 36,
    "side": "sell",
    "timestamp": 1768542633000,
    "outcome": "up"
  },
  {
    "price": 0.38,
    "size": 3.3,
    "side": "buy",
    "timestamp": 1768542633000,
    "outcome": "down"
  },
  {
    "price": 0.71,
    "size": 36,
    "side": "sell",
    "timestamp": 1768542633000,
    "outcome": "up"
  },
  {
    "price": 0.29,
    "size": 4.65,
    "side": "buy",
    "timestamp": 1768542633000,
    "outcome": "down"
  },
  {
    "price": 0.6928500331207686,
    "size": 15.804283,
    "side": "buy",
    "timestamp": 1768542633000,
    "outcome": "up"
  },
  {
    "price": 0.71,
    "size": 8.06,
    "side": "sell",
    "timestamp": 1768542633000,
    "outcome": "up"
  },
  {
    "price": 0.71,
    "size": 1.2,
    "side": "buy",
    "timestamp": 1768542633000,
    "outcome": "up"
  },
  {
    "price": 0.6883333333333334,
    "size": 18,
    "side": "buy",
    "timestamp": 1768542633000,
    "outcome": "up"
  },
  {
    "price": 0.36,
    "size": 32.5,
    "side": "sell",
    "timestamp": 1768542633000,
    "outcome": "down"
  },
  {
    "price": 0.7,
    "size": 9,
    "side": "buy",
    "timestamp": 1768542633000,
    "outcome": "up"
  },
  {
    "price": 0.7082187217137235,
    "size": 13.978731,
    "side": "buy",
    "timestamp": 1768542633000,
    "outcome": "up"
  },
  {
    "price": 0.33,
    "size": 9.95,
    "side": "buy",
    "timestamp": 1768542633000,
    "outcome": "down"
  },
  {
    "price": 0.72,
    "size": 1.2,
    "side": "buy",
    "timestamp": 1768542633000,
    "outcome": "up"
  },
  {
    "price": 0.2899999846299993,
    "size": 34.482757,
    "side": "buy",
    "timestamp": 1768542633000,
    "outcome": "down"
  },
  {
    "price": 0.71,
    "size": 15,
    "side": "sell",
    "timestamp": 1768542633000,
    "outcome": "up"
  },
  {
    "price": 0.29,
    "size": 11,
    "side": "buy",
    "timestamp": 1768542633000,
    "outcome": "down"
  },
  {
    "price": 0.63,
    "size": 10.46,
    "side": "buy",
    "timestamp": 1768542633000,
    "outcome": "up"
  },
  {
    "price": 0.3499999877729251,
    "size": 32.714284,
    "side": "buy",
    "timestamp": 1768542633000,
    "outcome": "down"
  },
  {
    "price": 0.29,
    "size": 8,
    "side": "buy",
    "timestamp": 1768542633000,
    "outcome": "down"
  },
  {
    "price": 0.29,
    "size": 5,
    "side": "buy",
    "timestamp": 1768542633000,
    "outcome": "down"
  },
  {
    "price": 0.2899998839999761,
    "size": 5.689654,
    "side": "buy",
    "timestamp": 1768542633000,
    "outcome": "down"
  },
  {
    "price": 0.7199999980799999,
    "size": 20.833332,
    "side": "buy",
    "timestamp": 1768542634000,
    "outcome": "up"
  },
  {
    "price": 0.29,
    "size": 5,
    "side": "buy",
    "timestamp": 1768542634000,
    "outcome": "down"
  },
  {
    "price": 0.72,
    "size": 11.09,
    "side": "buy",
    "timestamp": 1768542634000,
    "outcome": "up"
  },
  {
    "price": 0.7116403973509934,
    "size": 151,
    "side": "buy",
    "timestamp": 1768542634000,
    "outcome": "up"
  },
  {
    "price": 0.29,
    "size": 8,
    "side": "buy",
    "timestamp": 1768542634000,
    "outcome": "down"
  },
  {
    "price": 0.289999980948904,
    "size": 28.344826,
    "side": "buy",
    "timestamp": 1768542634000,
    "outcome": "down"
  },
  {
    "price": 0.71,
    "size": 8.19,
    "side": "sell",
    "timestamp": 1768542635000,
    "outcome": "up"
  },
  {
    "price": 0.3,
    "size": 101,
    "side": "buy",
    "timestamp": 1768542635000,
    "outcome": "down"
  },
  {
    "price": 0.29,
    "size": 11,
    "side": "buy",
    "timestamp": 1768542635000,
    "outcome": "down"
  },
  {
    "price": 0.6992722222222222,
    "size": 36,
    "side": "sell",
    "timestamp": 1768542635000,
    "outcome": "up"
  },
  {
    "price": 0.72,
    "size": 10,
    "side": "buy",
    "timestamp": 1768542635000,
    "outcome": "up"
  },
  {
    "price": 0.28,
    "size": 10,
    "side": "sell",
    "timestamp": 1768542635000,
    "outcome": "down"
  },
  {
    "price": 0.7,
    "size": 5,
    "side": "buy",
    "timestamp": 1768542635000,
    "outcome": "up"
  },
  {
    "price": 0.29,
    "size": 5,
    "side": "buy",
    "timestamp": 1768542635000,
    "outcome": "down"
  },
  {
    "price": 0.2899999824692616,
    "size": 33.655171,
    "side": "buy",
    "timestamp": 1768542635000,
    "outcome": "down"
  },
  {
    "price": 0.29,
    "size": 6.2,
    "side": "buy",
    "timestamp": 1768542635000,
    "outcome": "down"
  },
  {
    "price": 0.7199999064933365,
    "size": 2.138885,
    "side": "buy",
    "timestamp": 1768542635000,
    "outcome": "up"
  },
  {
    "price": 0.28,
    "size": 81.8,
    "side": "sell",
    "timestamp": 1768542635000,
    "outcome": "down"
  },
  {
    "price": 0.29,
    "size": 35.61,
    "side": "buy",
    "timestamp": 1768542635000,
    "outcome": "down"
  },
  {
    "price": 0.31,
    "size": 5,
    "side": "buy",
    "timestamp": 1768542635000,
    "outcome": "down"
  },
  {
    "price": 0.68,
    "size": 10.65,
    "side": "sell",
    "timestamp": 1768542635000,
    "outcome": "up"
  },
  {
    "price": 0.3128875,
    "size": 8,
    "side": "buy",
    "timestamp": 1768542635000,
    "outcome": "down"
  },
  {
    "price": 0.32,
    "size": 64,
    "side": "buy",
    "timestamp": 1768542635000,
    "outcome": "down"
  },
  {
    "price": 0.6899999585999611,
    "size": 1.449274,
    "side": "buy",
    "timestamp": 1768542635000,
    "outcome": "up"
  },
  {
    "price": 0.32,
    "size": 11,
    "side": "buy",
    "timestamp": 1768542635000,
    "outcome": "down"
  },
  {
    "price": 0.702495,
    "size": 20,
    "side": "buy",
    "timestamp": 1768542635000,
    "outcome": "up"
  },
  {
    "price": 0.6899999585999611,
    "size": 1.449274,
    "side": "buy",
    "timestamp": 1768542635000,
    "outcome": "up"
  },
  {
    "price": 0.31,
    "size": 12.69,
    "side": "buy",
    "timestamp": 1768542635000,
    "outcome": "down"
  },
  {
    "price": 0.68,
    "size": 13.48,
    "side": "buy",
    "timestamp": 1768542635000,
    "outcome": "up"
  },
  {
    "price": 0.7,
    "size": 5,
    "side": "buy",
    "timestamp": 1768542635000,
    "outcome": "up"
  },
  {
    "price": 0.33,
    "size": 64,
    "side": "buy",
    "timestamp": 1768542635000,
    "outcome": "down"
  },
  {
    "price": 0.32,
    "size": 10,
    "side": "buy",
    "timestamp": 1768542635000,
    "outcome": "down"
  },
  {
    "price": 0.6799998911999086,
    "size": 1.470587,
    "side": "buy",
    "timestamp": 1768542635000,
    "outcome": "up"
  },
  {
    "price": 0.6799998911999086,
    "size": 1.470587,
    "side": "buy",
    "timestamp": 1768542635000,
    "outcome": "up"
  },
  {
    "price": 0.68,
    "size": 20,
    "side": "buy",
    "timestamp": 1768542635000,
    "outcome": "up"
  },
  {
    "price": 0.6899999585999611,
    "size": 1.449274,
    "side": "buy",
    "timestamp": 1768542635000,
    "outcome": "up"
  },
  {
    "price": 0.33,
    "size": 10,
    "side": "buy",
    "timestamp": 1768542636000,
    "outcome": "down"
  },
  {
    "price": 0.33,
    "size": 5.89,
    "side": "buy",
    "timestamp": 1768542636000,
    "outcome": "down"
  },
  {
    "price": 0.6799998911999086,
    "size": 1.470587,
    "side": "buy",
    "timestamp": 1768542636000,
    "outcome": "up"
  },
  {
    "price": 0.6799998911999086,
    "size": 1.470587,
    "side": "buy",
    "timestamp": 1768542636000,
    "outcome": "up"
  },
  {
    "price": 0.67,
    "size": 17.19,
    "side": "buy",
    "timestamp": 1768542637000,
    "outcome": "up"
  },
  {
    "price": 0.34,
    "size": 5.23,
    "side": "buy",
    "timestamp": 1768542637000,
    "outcome": "down"
  },
  {
    "price": 0.3299998180373135,
    "size": 3.242423,
    "side": "buy",
    "timestamp": 1768542637000,
    "outcome": "down"
  },
  {
    "price": 0.6766555555555556,
    "size": 36,
    "side": "sell",
    "timestamp": 1768542637000,
    "outcome": "up"
  },
  {
    "price": 0.67,
    "size": 7.22,
    "side": "buy",
    "timestamp": 1768542637000,
    "outcome": "up"
  },
  {
    "price": 0.6699999956647057,
    "size": 50.746266,
    "side": "buy",
    "timestamp": 1768542637000,
    "outcome": "up"
  },
  {
    "price": 0.67,
    "size": 16.46,
    "side": "sell",
    "timestamp": 1768542637000,
    "outcome": "up"
  },
  {
    "price": 0.34,
    "size": 4.89,
    "side": "buy",
    "timestamp": 1768542637000,
    "outcome": "down"
  },
  {
    "price": 0.67,
    "size": 5,
    "side": "buy",
    "timestamp": 1768542637000,
    "outcome": "up"
  },
  {
    "price": 0.34,
    "size": 5,
    "side": "buy",
    "timestamp": 1768542637000,
    "outcome": "down"
  },
  {
    "price": 0.6699999195999292,
    "size": 1.492536,
    "side": "buy",
    "timestamp": 1768542637000,
    "outcome": "up"
  },
  {
    "price": 0.3399998763636064,
    "size": 4.85294,
    "side": "buy",
    "timestamp": 1768542637000,
    "outcome": "down"
  },
  {
    "price": 0.33,
    "size": 4,
    "side": "buy",
    "timestamp": 1768542637000,
    "outcome": "down"
  },
  {
    "price": 0.6699999195999292,
    "size": 1.492536,
    "side": "buy",
    "timestamp": 1768542637000,
    "outcome": "up"
  },
  {
    "price": 0.6699999195999292,
    "size": 1.492536,
    "side": "buy",
    "timestamp": 1768542637000,
    "outcome": "up"
  },
  {
    "price": 0.34,
    "size": 14.75,
    "side": "buy",
    "timestamp": 1768542637000,
    "outcome": "down"
  },
  {
    "price": 0.33,
    "size": 24.63,
    "side": "sell",
    "timestamp": 1768542637000,
    "outcome": "down"
  },
  {
    "price": 0.6699999956647057,
    "size": 50.746266,
    "side": "buy",
    "timestamp": 1768542637000,
    "outcome": "up"
  },
  {
    "price": 0.67,
    "size": 36,
    "side": "sell",
    "timestamp": 1768542637000,
    "outcome": "up"
  },
  {
    "price": 0.34,
    "size": 9.28,
    "side": "buy",
    "timestamp": 1768542637000,
    "outcome": "down"
  },
  {
    "price": 0.33,
    "size": 14.42,
    "side": "buy",
    "timestamp": 1768542638000,
    "outcome": "down"
  },
  {
    "price": 0.68,
    "size": 30.37,
    "side": "buy",
    "timestamp": 1768542638000,
    "outcome": "up"
  },
  {
    "price": 0.33,
    "size": 5.23,
    "side": "buy",
    "timestamp": 1768542638000,
    "outcome": "down"
  },
  {
    "price": 0.33,
    "size": 5,
    "side": "buy",
    "timestamp": 1768542638000,
    "outcome": "down"
  },
  {
    "price": 0.33,
    "size": 24,
    "side": "buy",
    "timestamp": 1768542638000,
    "outcome": "down"
  },
  {
    "price": 0.3299997821999259,
    "size": 3.030302,
    "side": "buy",
    "timestamp": 1768542638000,
    "outcome": "down"
  },
  {
    "price": 0.33,
    "size": 11,
    "side": "buy",
    "timestamp": 1768542638000,
    "outcome": "down"
  },
  {
    "price": 0.33,
    "size": 15,
    "side": "buy",
    "timestamp": 1768542638000,
    "outcome": "down"
  },
  {
    "price": 0.6799998911999086,
    "size": 1.470587,
    "side": "buy",
    "timestamp": 1768542638000,
    "outcome": "up"
  },
  {
    "price": 0.3299997821999259,
    "size": 3.030302,
    "side": "buy",
    "timestamp": 1768542639000,
    "outcome": "down"
  },
  {
    "price": 0.33,
    "size": 2.94,
    "side": "buy",
    "timestamp": 1768542639000,
    "outcome": "down"
  },
  {
    "price": 0.33,
    "size": 8.19,
    "side": "buy",
    "timestamp": 1768542639000,
    "outcome": "down"
  },
  {
    "price": 0.67,
    "size": 4.93,
    "side": "sell",
    "timestamp": 1768542639000,
    "outcome": "up"
  },
  {
    "price": 0.6799998911999086,
    "size": 1.470587,
    "side": "buy",
    "timestamp": 1768542639000,
    "outcome": "up"
  },
  {
    "price": 0.3299999063225468,
    "size": 4.696968,
    "side": "buy",
    "timestamp": 1768542639000,
    "outcome": "down"
  },
  {
    "price": 0.3299997821999259,
    "size": 3.030302,
    "side": "buy",
    "timestamp": 1768542639000,
    "outcome": "down"
  },
  {
    "price": 0.33,
    "size": 36,
    "side": "buy",
    "timestamp": 1768542639000,
    "outcome": "down"
  },
  {
    "price": 0.67,
    "size": 2,
    "side": "sell",
    "timestamp": 1768542639000,
    "outcome": "up"
  },
  {
    "price": 0.6799998911999086,
    "size": 1.470587,
    "side": "buy",
    "timestamp": 1768542639000,
    "outcome": "up"
  },
  {
    "price": 0.68,
    "size": 2,
    "side": "buy",
    "timestamp": 1768542639000,
    "outcome": "up"
  },
  {
    "price": 0.3299997821999259,
    "size": 3.030302,
    "side": "buy",
    "timestamp": 1768542639000,
    "outcome": "down"
  },
  {
    "price": 0.33,
    "size": 6.03,
    "side": "buy",
    "timestamp": 1768542639000,
    "outcome": "down"
  },
  {
    "price": 0.68,
    "size": 2,
    "side": "buy",
    "timestamp": 1768542639000,
    "outcome": "up"
  },
  {
    "price": 0.3299998227777089,
    "size": 3.272726,
    "side": "buy",
    "timestamp": 1768542639000,
    "outcome": "down"
  },
  {
    "price": 0.68,
    "size": 2.22,
    "side": "buy",
    "timestamp": 1768542639000,
    "outcome": "up"
  },
  {
    "price": 0.33,
    "size": 9.85,
    "side": "buy",
    "timestamp": 1768542639000,
    "outcome": "down"
  },
  {
    "price": 0.33,
    "size": 5.23,
    "side": "buy",
    "timestamp": 1768542639000,
    "outcome": "down"
  },
  {
    "price": 0.68,
    "size": 4.27,
    "side": "buy",
    "timestamp": 1768542639000,
    "outcome": "up"
  },
  {
    "price": 0.67,
    "size": 13.83,
    "side": "sell",
    "timestamp": 1768542639000,
    "outcome": "up"
  },
  {
    "price": 0.33,
    "size": 5,
    "side": "buy",
    "timestamp": 1768542639000,
    "outcome": "down"
  },
  {
    "price": 0.65,
    "size": 58.5,
    "side": "sell",
    "timestamp": 1768542640000,
    "outcome": "up"
  },
  {
    "price": 0.37,
    "size": 10,
    "side": "buy",
    "timestamp": 1768542640000,
    "outcome": "down"
  },
  {
    "price": 0.65,
    "size": 25,
    "side": "buy",
    "timestamp": 1768542640000,
    "outcome": "up"
  },
  {
    "price": 0.37,
    "size": 5,
    "side": "buy",
    "timestamp": 1768542640000,
    "outcome": "down"
  },
  {
    "price": 0.36,
    "size": 10.78,
    "side": "buy",
    "timestamp": 1768542640000,
    "outcome": "down"
  },
  {
    "price": 0.35,
    "size": 8.6,
    "side": "buy",
    "timestamp": 1768542641000,
    "outcome": "down"
  },
  {
    "price": 0.35,
    "size": 1.2,
    "side": "buy",
    "timestamp": 1768542641000,
    "outcome": "down"
  },
  {
    "price": 0.3586888361203641,
    "size": 85.115554,
    "side": "buy",
    "timestamp": 1768542641000,
    "outcome": "down"
  },
  {
    "price": 0.37,
    "size": 22,
    "side": "buy",
    "timestamp": 1768542641000,
    "outcome": "down"
  },
  {
    "price": 0.35,
    "size": 15.8,
    "side": "buy",
    "timestamp": 1768542641000,
    "outcome": "down"
  },
  {
    "price": 0.38,
    "size": 0.37,
    "side": "sell",
    "timestamp": 1768542641000,
    "outcome": "down"
  },
  {
    "price": 0.35,
    "size": 73,
    "side": "buy",
    "timestamp": 1768542641000,
    "outcome": "down"
  },
  {
    "price": 0.39,
    "size": 1.2,
    "side": "buy",
    "timestamp": 1768542641000,
    "outcome": "down"
  },
  {
    "price": 0.3653056768558952,
    "size": 4.58,
    "side": "buy",
    "timestamp": 1768542641000,
    "outcome": "down"
  },
  {
    "price": 0.3406164383561644,
    "size": 73,
    "side": "buy",
    "timestamp": 1768542641000,
    "outcome": "down"
  },
  {
    "price": 0.63,
    "size": 32,
    "side": "sell",
    "timestamp": 1768542641000,
    "outcome": "up"
  },
  {
    "price": 0.3675,
    "size": 20,
    "side": "buy",
    "timestamp": 1768542641000,
    "outcome": "down"
  },
  {
    "price": 0.38,
    "size": 0.1,
    "side": "sell",
    "timestamp": 1768542641000,
    "outcome": "down"
  },
  {
    "price": 0.62,
    "size": 5,
    "side": "buy",
    "timestamp": 1768542641000,
    "outcome": "up"
  },
  {
    "price": 0.62,
    "size": 5,
    "side": "buy",
    "timestamp": 1768542641000,
    "outcome": "up"
  },
  {
    "price": 0.36,
    "size": 3.35,
    "side": "buy",
    "timestamp": 1768542641000,
    "outcome": "down"
  },
  {
    "price": 0.62,
    "size": 5,
    "side": "buy",
    "timestamp": 1768542641000,
    "outcome": "up"
  },
  {
    "price": 0.62,
    "size": 6,
    "side": "buy",
    "timestamp": 1768542641000,
    "outcome": "up"
  },
  {
    "price": 0.37,
    "size": 5,
    "side": "buy",
    "timestamp": 1768542641000,
    "outcome": "down"
  },
  {
    "price": 0.4,
    "size": 1.2,
    "side": "buy",
    "timestamp": 1768542641000,
    "outcome": "down"
  },
  {
    "price": 0.37,
    "size": 1.2,
    "side": "buy",
    "timestamp": 1768542641000,
    "outcome": "down"
  },
  {
    "price": 0.6068507042253521,
    "size": 71,
    "side": "sell",
    "timestamp": 1768542641000,
    "outcome": "up"
  },
  {
    "price": 0.394705174488568,
    "size": 10.3875,
    "side": "buy",
    "timestamp": 1768542641000,
    "outcome": "down"
  },
  {
    "price": 0.62,
    "size": 1.64,
    "side": "buy",
    "timestamp": 1768542641000,
    "outcome": "up"
  },
  {
    "price": 0.62,
    "size": 10,
    "side": "buy",
    "timestamp": 1768542641000,
    "outcome": "up"
  },
  {
    "price": 0.6199999576068314,
    "size": 7.548386,
    "side": "buy",
    "timestamp": 1768542641000,
    "outcome": "up"
  },
  {
    "price": 0.61,
    "size": 4.86,
    "side": "buy",
    "timestamp": 1768542641000,
    "outcome": "up"
  },
  {
    "price": 0.4,
    "size": 2.5,
    "side": "buy",
    "timestamp": 1768542641000,
    "outcome": "down"
  },
  {
    "price": 0.4,
    "size": 5,
    "side": "buy",
    "timestamp": 1768542641000,
    "outcome": "down"
  },
  {
    "price": 0.39,
    "size": 8.52,
    "side": "buy",
    "timestamp": 1768542641000,
    "outcome": "down"
  },
  {
    "price": 0.39,
    "size": 64,
    "side": "sell",
    "timestamp": 1768542642000,
    "outcome": "down"
  },
  {
    "price": 0.6172560495276658,
    "size": 38.266128,
    "side": "buy",
    "timestamp": 1768542642000,
    "outcome": "up"
  },
  {
    "price": 0.6099999376881449,
    "size": 3.049179,
    "side": "buy",
    "timestamp": 1768542642000,
    "outcome": "up"
  },
  {
    "price": 0.3754927172275239,
    "size": 99.55,
    "side": "buy",
    "timestamp": 1768542642000,
    "outcome": "down"
  },
  {
    "price": 0.39,
    "size": 0.1,
    "side": "sell",
    "timestamp": 1768542642000,
    "outcome": "down"
  },
  {
    "price": 0.39,
    "size": 0.1,
    "side": "sell",
    "timestamp": 1768542643000,
    "outcome": "down"
  },
  {
    "price": 0.3899998478999072,
    "size": 2.564101,
    "side": "buy",
    "timestamp": 1768542643000,
    "outcome": "down"
  },
  {
    "price": 0.3899999971096837,
    "size": 103.79487,
    "side": "buy",
    "timestamp": 1768542643000,
    "outcome": "down"
  },
  {
    "price": 0.6099999996645,
    "size": 327.868851,
    "side": "buy",
    "timestamp": 1768542643000,
    "outcome": "up"
  },
  {
    "price": 0.61,
    "size": 50,
    "side": "buy",
    "timestamp": 1768542643000,
    "outcome": "up"
  },
  {
    "price": 0.4,
    "size": 13,
    "side": "buy",
    "timestamp": 1768542643000,
    "outcome": "down"
  },
  {
    "price": 0.3899998478999072,
    "size": 2.564101,
    "side": "buy",
    "timestamp": 1768542643000,
    "outcome": "down"
  },
  {
    "price": 0.3899998478999072,
    "size": 2.564101,
    "side": "buy",
    "timestamp": 1768542643000,
    "outcome": "down"
  },
  {
    "price": 0.6199999571069077,
    "size": 5.129031,
    "side": "buy",
    "timestamp": 1768542643000,
    "outcome": "up"
  },
  {
    "price": 0.3899998478999072,
    "size": 2.564101,
    "side": "buy",
    "timestamp": 1768542643000,
    "outcome": "down"
  },
  {
    "price": 0.3899998478999072,
    "size": 2.564101,
    "side": "buy",
    "timestamp": 1768542643000,
    "outcome": "down"
  },
  {
    "price": 0.39,
    "size": 5.76,
    "side": "sell",
    "timestamp": 1768542643000,
    "outcome": "down"
  },
  {
    "price": 0.609999952343735,
    "size": 4.19672,
    "side": "buy",
    "timestamp": 1768542643000,
    "outcome": "up"
  },
  {
    "price": 0.61,
    "size": 20,
    "side": "buy",
    "timestamp": 1768542643000,
    "outcome": "up"
  },
  {
    "price": 0.6199999995216511,
    "size": 167.241934,
    "side": "buy",
    "timestamp": 1768542643000,
    "outcome": "up"
  },
  {
    "price": 0.39,
    "size": 0.69,
    "side": "sell",
    "timestamp": 1768542643000,
    "outcome": "down"
  },
  {
    "price": 0.6199999989943228,
    "size": 39.774192,
    "side": "buy",
    "timestamp": 1768542643000,
    "outcome": "up"
  },
  {
    "price": 0.38,
    "size": 0.69,
    "side": "sell",
    "timestamp": 1768542643000,
    "outcome": "down"
  },
  {
    "price": 0.3899998478999072,
    "size": 2.564101,
    "side": "buy",
    "timestamp": 1768542643000,
    "outcome": "down"
  },
  {
    "price": 0.4,
    "size": 2.5,
    "side": "buy",
    "timestamp": 1768542643000,
    "outcome": "down"
  },
  {
    "price": 0.6199999347368299,
    "size": 5.516128,
    "side": "buy",
    "timestamp": 1768542643000,
    "outcome": "up"
  },
  {
    "price": 0.6099999687795169,
    "size": 8.327866,
    "side": "buy",
    "timestamp": 1768542643000,
    "outcome": "up"
  },
  {
    "price": 0.3899998478999072,
    "size": 2.564101,
    "side": "buy",
    "timestamp": 1768542643000,
    "outcome": "down"
  },
  {
    "price": 0.6199999707970922,
    "size": 8.903223,
    "side": "buy",
    "timestamp": 1768542643000,
    "outcome": "up"
  },
  {
    "price": 0.4,
    "size": 2.5,
    "side": "buy",
    "timestamp": 1768542643000,
    "outcome": "down"
  },
  {
    "price": 0.619999954074035,
    "size": 1.741934,
    "side": "buy",
    "timestamp": 1768542643000,
    "outcome": "up"
  },
  {
    "price": 0.6199999615328351,
    "size": 8.838707,
    "side": "buy",
    "timestamp": 1768542643000,
    "outcome": "up"
  },
  {
    "price": 0.3899998478999072,
    "size": 2.564101,
    "side": "buy",
    "timestamp": 1768542643000,
    "outcome": "down"
  },
  {
    "price": 0.62,
    "size": 30.42,
    "side": "buy",
    "timestamp": 1768542643000,
    "outcome": "up"
  },
  {
    "price": 0.61,
    "size": 2,
    "side": "buy",
    "timestamp": 1768542644000,
    "outcome": "up"
  },
  {
    "price": 0.39,
    "size": 21,
    "side": "sell",
    "timestamp": 1768542644000,
    "outcome": "down"
  },
  {
    "price": 0.3899998478999072,
    "size": 2.564101,
    "side": "buy",
    "timestamp": 1768542644000,
    "outcome": "down"
  },
  {
    "price": 0.61,
    "size": 5,
    "side": "buy",
    "timestamp": 1768542644000,
    "outcome": "up"
  },
  {
    "price": 0.3899998478999072,
    "size": 2.564101,
    "side": "buy",
    "timestamp": 1768542644000,
    "outcome": "down"
  },
  {
    "price": 0.609999982988046,
    "size": 12.344261,
    "side": "buy",
    "timestamp": 1768542644000,
    "outcome": "up"
  },
  {
    "price": 0.6099999766202072,
    "size": 14.114753,
    "side": "buy",
    "timestamp": 1768542644000,
    "outcome": "up"
  },
  {
    "price": 0.6099999353030175,
    "size": 5.409835,
    "side": "buy",
    "timestamp": 1768542644000,
    "outcome": "up"
  },
  {
    "price": 0.4,
    "size": 10,
    "side": "buy",
    "timestamp": 1768542644000,
    "outcome": "down"
  },
  {
    "price": 0.39,
    "size": 68.42,
    "side": "buy",
    "timestamp": 1768542644000,
    "outcome": "down"
  },
  {
    "price": 0.6099999072799399,
    "size": 2.049179,
    "side": "buy",
    "timestamp": 1768542644000,
    "outcome": "up"
  },
  {
    "price": 0.4,
    "size": 5,
    "side": "buy",
    "timestamp": 1768542644000,
    "outcome": "down"
  },
  {
    "price": 0.4,
    "size": 1.2,
    "side": "buy",
    "timestamp": 1768542644000,
    "outcome": "down"
  },
  {
    "price": 0.4,
    "size": 56,
    "side": "buy",
    "timestamp": 1768542644000,
    "outcome": "down"
  },
  {
    "price": 0.39,
    "size": 0.55,
    "side": "sell",
    "timestamp": 1768542644000,
    "outcome": "down"
  },
  {
    "price": 0.4,
    "size": 2.5,
    "side": "buy",
    "timestamp": 1768542644000,
    "outcome": "down"
  },
  {
    "price": 0.44,
    "size": 22.5,
    "side": "buy",
    "timestamp": 1768542644000,
    "outcome": "down"
  },
  {
    "price": 0.61,
    "size": 12.99,
    "side": "buy",
    "timestamp": 1768542644000,
    "outcome": "up"
  },
  {
    "price": 0.4,
    "size": 20,
    "side": "buy",
    "timestamp": 1768542644000,
    "outcome": "down"
  },
  {
    "price": 0.4299999766571375,
    "size": 8.139533,
    "side": "buy",
    "timestamp": 1768542644000,
    "outcome": "down"
  },
  {
    "price": 0.44,
    "size": 1.2,
    "side": "buy",
    "timestamp": 1768542644000,
    "outcome": "down"
  },
  {
    "price": 0.4,
    "size": 13.85,
    "side": "buy",
    "timestamp": 1768542644000,
    "outcome": "down"
  },
  {
    "price": 0.42,
    "size": 30,
    "side": "buy",
    "timestamp": 1768542644000,
    "outcome": "down"
  },
  {
    "price": 0.4,
    "size": 5,
    "side": "buy",
    "timestamp": 1768542644000,
    "outcome": "down"
  },
  {
    "price": 0.4,
    "size": 10.5,
    "side": "buy",
    "timestamp": 1768542644000,
    "outcome": "down"
  },
  {
    "price": 0.5699999712192096,
    "size": 14.245613,
    "side": "buy",
    "timestamp": 1768542644000,
    "outcome": "up"
  },
  {
    "price": 0.43,
    "size": 0.27,
    "side": "sell",
    "timestamp": 1768542645000,
    "outcome": "down"
  },
  {
    "price": 0.41,
    "size": 10,
    "side": "buy",
    "timestamp": 1768542644000,
    "outcome": "down"
  },
  {
    "price": 0.41,
    "size": 66.77,
    "side": "buy",
    "timestamp": 1768542645000,
    "outcome": "down"
  },
  {
    "price": 0.4,
    "size": 101,
    "side": "buy",
    "timestamp": 1768542645000,
    "outcome": "down"
  },
  {
    "price": 0.5699999925899997,
    "size": 35.087718,
    "side": "buy",
    "timestamp": 1768542645000,
    "outcome": "up"
  },
  {
    "price": 0.43,
    "size": 0.28,
    "side": "sell",
    "timestamp": 1768542645000,
    "outcome": "down"
  },
  {
    "price": 0.4399998605939655,
    "size": 2.295453,
    "side": "buy",
    "timestamp": 1768542645000,
    "outcome": "down"
  },
  {
    "price": 0.4,
    "size": 15,
    "side": "buy",
    "timestamp": 1768542645000,
    "outcome": "down"
  },
  {
    "price": 0.44,
    "size": 1.2,
    "side": "buy",
    "timestamp": 1768542645000,
    "outcome": "down"
  },
  {
    "price": 0.4299999954889152,
    "size": 117.488371,
    "side": "buy",
    "timestamp": 1768542645000,
    "outcome": "down"
  },
  {
    "price": 0.57,
    "size": 5,
    "side": "buy",
    "timestamp": 1768542645000,
    "outcome": "up"
  },
  {
    "price": 0.4,
    "size": 101,
    "side": "buy",
    "timestamp": 1768542645000,
    "outcome": "down"
  },
  {
    "price": 0.44,
    "size": 5,
    "side": "buy",
    "timestamp": 1768542645000,
    "outcome": "down"
  },
  {
    "price": 0.56534625,
    "size": 80,
    "side": "sell",
    "timestamp": 1768542645000,
    "outcome": "up"
  },
  {
    "price": 0.57,
    "size": 5.17,
    "side": "buy",
    "timestamp": 1768542647000,
    "outcome": "up"
  },
  {
    "price": 0.57,
    "size": 5.19,
    "side": "buy",
    "timestamp": 1768542647000,
    "outcome": "up"
  },
  {
    "price": 0.5699998232997014,
    "size": 1.754383,
    "side": "buy",
    "timestamp": 1768542647000,
    "outcome": "up"
  },
  {
    "price": 0.5499999335748552,
    "size": 3.763635,
    "side": "buy",
    "timestamp": 1768542647000,
    "outcome": "up"
  },
  {
    "price": 0.44,
    "size": 107.21,
    "side": "buy",
    "timestamp": 1768542647000,
    "outcome": "down"
  },
  {
    "price": 0.5699999355356832,
    "size": 5.894734,
    "side": "buy",
    "timestamp": 1768542647000,
    "outcome": "up"
  },
  {
    "price": 0.4499999559782556,
    "size": 10.222221,
    "side": "buy",
    "timestamp": 1768542647000,
    "outcome": "down"
  },
  {
    "price": 0.439999933584853,
    "size": 2.409089,
    "side": "buy",
    "timestamp": 1768542647000,
    "outcome": "down"
  },
  {
    "price": 0.45,
    "size": 0.27,
    "side": "sell",
    "timestamp": 1768542647000,
    "outcome": "down"
  },
  {
    "price": 0.55,
    "size": 5,
    "side": "buy",
    "timestamp": 1768542647000,
    "outcome": "up"
  },
  {
    "price": 0.46,
    "size": 20,
    "side": "buy",
    "timestamp": 1768542647000,
    "outcome": "down"
  },
  {
    "price": 0.43,
    "size": 19.75,
    "side": "sell",
    "timestamp": 1768542647000,
    "outcome": "down"
  },
  {
    "price": 0.54,
    "size": 7.4,
    "side": "sell",
    "timestamp": 1768542647000,
    "outcome": "up"
  },
  {
    "price": 0.4599999884999993,
    "size": 26.086955,
    "side": "buy",
    "timestamp": 1768542647000,
    "outcome": "down"
  },
  {
    "price": 0.5499999802158138,
    "size": 2.527271,
    "side": "buy",
    "timestamp": 1768542647000,
    "outcome": "up"
  },
  {
    "price": 0.55,
    "size": 5.19,
    "side": "buy",
    "timestamp": 1768542647000,
    "outcome": "up"
  },
  {
    "price": 0.45,
    "size": 64.77,
    "side": "buy",
    "timestamp": 1768542647000,
    "outcome": "down"
  },
  {
    "price": 0.45,
    "size": 21.88,
    "side": "sell",
    "timestamp": 1768542648000,
    "outcome": "down"
  },
  {
    "price": 0.45,
    "size": 0.1,
    "side": "sell",
    "timestamp": 1768542648000,
    "outcome": "down"
  },
  {
    "price": 0.45,
    "size": 0.1,
    "side": "sell",
    "timestamp": 1768542648000,
    "outcome": "down"
  },
  {
    "price": 0.45,
    "size": 0.1,
    "side": "sell",
    "timestamp": 1768542648000,
    "outcome": "down"
  },
  {
    "price": 0.45,
    "size": 0.1,
    "side": "sell",
    "timestamp": 1768542648000,
    "outcome": "down"
  },
  {
    "price": 0.5499999183168034,
    "size": 3.672726,
    "side": "buy",
    "timestamp": 1768542648000,
    "outcome": "up"
  },
  {
    "price": 0.5499999335748552,
    "size": 3.763635,
    "side": "buy",
    "timestamp": 1768542648000,
    "outcome": "up"
  },
  {
    "price": 0.45,
    "size": 0.1,
    "side": "sell",
    "timestamp": 1768542648000,
    "outcome": "down"
  },
  {
    "price": 0.45,
    "size": 0.1,
    "side": "sell",
    "timestamp": 1768542649000,
    "outcome": "down"
  },
  {
    "price": 0.46,
    "size": 1.2,
    "side": "buy",
    "timestamp": 1768542649000,
    "outcome": "down"
  },
  {
    "price": 0.45,
    "size": 0.1,
    "side": "sell",
    "timestamp": 1768542649000,
    "outcome": "down"
  },
  {
    "price": 0.5499999185184702,
    "size": 2.454544,
    "side": "buy",
    "timestamp": 1768542649000,
    "outcome": "up"
  },
  {
    "price": 0.47,
    "size": 11.92,
    "side": "buy",
    "timestamp": 1768542649000,
    "outcome": "down"
  },
  {
    "price": 0.55,
    "size": 5.19,
    "side": "buy",
    "timestamp": 1768542649000,
    "outcome": "up"
  },
  {
    "price": 0.49,
    "size": 1.2,
    "side": "buy",
    "timestamp": 1768542649000,
    "outcome": "down"
  },
  {
    "price": 0.45,
    "size": 0.1,
    "side": "sell",
    "timestamp": 1768542649000,
    "outcome": "down"
  },
  {
    "price": 0.46,
    "size": 20,
    "side": "buy",
    "timestamp": 1768542649000,
    "outcome": "down"
  },
  {
    "price": 0.46,
    "size": 11,
    "side": "buy",
    "timestamp": 1768542649000,
    "outcome": "down"
  },
  {
    "price": 0.45,
    "size": 0.12,
    "side": "sell",
    "timestamp": 1768542649000,
    "outcome": "down"
  },
  {
    "price": 0.53,
    "size": 5,
    "side": "buy",
    "timestamp": 1768542649000,
    "outcome": "up"
  },
  {
    "price": 0.45,
    "size": 0.33,
    "side": "sell",
    "timestamp": 1768542649000,
    "outcome": "down"
  },
  {
    "price": 0.48,
    "size": 2.91,
    "side": "sell",
    "timestamp": 1768542649000,
    "outcome": "down"
  },
  {
    "price": 0.45,
    "size": 0.1,
    "side": "sell",
    "timestamp": 1768542649000,
    "outcome": "down"
  },
  {
    "price": 0.5499999633333236,
    "size": 5.454544,
    "side": "buy",
    "timestamp": 1768542649000,
    "outcome": "up"
  },
  {
    "price": 0.47,
    "size": 101,
    "side": "buy",
    "timestamp": 1768542649000,
    "outcome": "down"
  },
  {
    "price": 0.52,
    "size": 5,
    "side": "buy",
    "timestamp": 1768542650000,
    "outcome": "up"
  },
  {
    "price": 0.49,
    "size": 32,
    "side": "buy",
    "timestamp": 1768542650000,
    "outcome": "down"
  },
  {
    "price": 0.52,
    "size": 1.73,
    "side": "buy",
    "timestamp": 1768542650000,
    "outcome": "up"
  },
  {
    "price": 0.52,
    "size": 30.46,
    "side": "buy",
    "timestamp": 1768542650000,
    "outcome": "up"
  },
  {
    "price": 0.49,
    "size": 1.2,
    "side": "buy",
    "timestamp": 1768542650000,
    "outcome": "down"
  },
  {
    "price": 0.4899999903921508,
    "size": 3.122447,
    "side": "buy",
    "timestamp": 1768542650000,
    "outcome": "down"
  },
  {
    "price": 0.4899999459649047,
    "size": 8.142856,
    "side": "buy",
    "timestamp": 1768542650000,
    "outcome": "down"
  },
  {
    "price": 0.49,
    "size": 32,
    "side": "buy",
    "timestamp": 1768542650000,
    "outcome": "down"
  },
  {
    "price": 0.4856815489919545,
    "size": 69.469386,
    "side": "buy",
    "timestamp": 1768542650000,
    "outcome": "down"
  },
  {
    "price": 0.48,
    "size": 1.45,
    "side": "sell",
    "timestamp": 1768542650000,
    "outcome": "down"
  },
  {
    "price": 0.52,
    "size": 5.19,
    "side": "buy",
    "timestamp": 1768542650000,
    "outcome": "up"
  },
  {
    "price": 0.52,
    "size": 47,
    "side": "sell",
    "timestamp": 1768542650000,
    "outcome": "up"
  },
  {
    "price": 0.51,
    "size": 2.89,
    "side": "sell",
    "timestamp": 1768542650000,
    "outcome": "up"
  },
  {
    "price": 0.49,
    "size": 32,
    "side": "buy",
    "timestamp": 1768542650000,
    "outcome": "down"
  },
  {
    "price": 0.52,
    "size": 5.19,
    "side": "buy",
    "timestamp": 1768542651000,
    "outcome": "up"
  },
  {
    "price": 0.49,
    "size": 32,
    "side": "buy",
    "timestamp": 1768542651000,
    "outcome": "down"
  },
  {
    "price": 0.4899998284998885,
    "size": 2.040815,
    "side": "buy",
    "timestamp": 1768542651000,
    "outcome": "down"
  },
  {
    "price": 0.5199999964168819,
    "size": 89.307691,
    "side": "buy",
    "timestamp": 1768542651000,
    "outcome": "up"
  },
  {
    "price": 0.52,
    "size": 5.19,
    "side": "buy",
    "timestamp": 1768542651000,
    "outcome": "up"
  },
  {
    "price": 0.4899998284998885,
    "size": 2.040815,
    "side": "buy",
    "timestamp": 1768542651000,
    "outcome": "down"
  },
  {
    "price": 0.48,
    "size": 1.45,
    "side": "sell",
    "timestamp": 1768542651000,
    "outcome": "down"
  },
  {
    "price": 0.5101960784313725,
    "size": 5.1,
    "side": "buy",
    "timestamp": 1768542651000,
    "outcome": "up"
  },
  {
    "price": 0.4899998284998885,
    "size": 2.040815,
    "side": "buy",
    "timestamp": 1768542651000,
    "outcome": "down"
  },
  {
    "price": 0.4899998284998885,
    "size": 2.040815,
    "side": "buy",
    "timestamp": 1768542651000,
    "outcome": "down"
  },
  {
    "price": 0.48,
    "size": 5.83,
    "side": "sell",
    "timestamp": 1768542651000,
    "outcome": "down"
  },
  {
    "price": 0.48,
    "size": 4.37,
    "side": "sell",
    "timestamp": 1768542651000,
    "outcome": "down"
  },
  {
    "price": 0.5099998188783997,
    "size": 2.098038,
    "side": "buy",
    "timestamp": 1768542652000,
    "outcome": "up"
  },
  {
    "price": 0.48,
    "size": 4.37,
    "side": "sell",
    "timestamp": 1768542652000,
    "outcome": "down"
  },
  {
    "price": 0.48,
    "size": 1.45,
    "side": "sell",
    "timestamp": 1768542652000,
    "outcome": "down"
  },
  {
    "price": 0.5099998316998872,
    "size": 1.960783,
    "side": "buy",
    "timestamp": 1768542652000,
    "outcome": "up"
  },
  {
    "price": 0.4899998284998885,
    "size": 2.040815,
    "side": "buy",
    "timestamp": 1768542652000,
    "outcome": "down"
  },
  {
    "price": 0.51,
    "size": 12,
    "side": "buy",
    "timestamp": 1768542652000,
    "outcome": "down"
  },
  {
    "price": 0.5099999878694329,
    "size": 38.745097,
    "side": "buy",
    "timestamp": 1768542652000,
    "outcome": "down"
  },
  {
    "price": 0.4899998284998885,
    "size": 2.040815,
    "side": "buy",
    "timestamp": 1768542653000,
    "outcome": "down"
  },
  {
    "price": 0.5,
    "size": 129,
    "side": "sell",
    "timestamp": 1768542653000,
    "outcome": "up"
  },
  {
    "price": 0.5,
    "size": 25,
    "side": "buy",
    "timestamp": 1768542653000,
    "outcome": "down"
  },
  {
    "price": 0.51,
    "size": 12,
    "side": "sell",
    "timestamp": 1768542653000,
    "outcome": "down"
  },
  {
    "price": 0.49,
    "size": 6,
    "side": "buy",
    "timestamp": 1768542653000,
    "outcome": "up"
  },
  {
    "price": 0.49,
    "size": 15.65,
    "side": "buy",
    "timestamp": 1768542653000,
    "outcome": "up"
  },
  {
    "price": 0.51,
    "size": 5.19,
    "side": "buy",
    "timestamp": 1768542653000,
    "outcome": "up"
  },
  {
    "price": 0.5099998188783997,
    "size": 2.098038,
    "side": "buy",
    "timestamp": 1768542653000,
    "outcome": "up"
  },
  {
    "price": 0.48,
    "size": 1.45,
    "side": "sell",
    "timestamp": 1768542653000,
    "outcome": "down"
  },
  {
    "price": 0.53,
    "size": 1.2,
    "side": "buy",
    "timestamp": 1768542653000,
    "outcome": "down"
  },
  {
    "price": 0.5199999936358998,
    "size": 37.711537,
    "side": "buy",
    "timestamp": 1768542653000,
    "outcome": "down"
  },
  {
    "price": 0.48,
    "size": 140.91,
    "side": "sell",
    "timestamp": 1768542653000,
    "outcome": "up"
  },
  {
    "price": 0.5199999833599972,
    "size": 9.615383,
    "side": "buy",
    "timestamp": 1768542653000,
    "outcome": "up"
  },
  {
    "price": 0.49,
    "size": 5.79,
    "side": "buy",
    "timestamp": 1768542653000,
    "outcome": "down"
  },
  {
    "price": 0.49,
    "size": 24,
    "side": "buy",
    "timestamp": 1768542653000,
    "outcome": "up"
  },
  {
    "price": 0.51,
    "size": 30.47,
    "side": "buy",
    "timestamp": 1768542653000,
    "outcome": "up"
  },
  {
    "price": 0.4923081770418974,
    "size": 50.7812,
    "side": "buy",
    "timestamp": 1768542653000,
    "outcome": "down"
  },
  {
    "price": 0.52,
    "size": 1.2,
    "side": "buy",
    "timestamp": 1768542653000,
    "outcome": "down"
  },
  {
    "price": 0.5024819494584838,
    "size": 22.16,
    "side": "sell",
    "timestamp": 1768542653000,
    "outcome": "down"
  },
  {
    "price": 0.5099998316998872,
    "size": 1.960783,
    "side": "buy",
    "timestamp": 1768542653000,
    "outcome": "up"
  },
  {
    "price": 0.52,
    "size": 10,
    "side": "buy",
    "timestamp": 1768542654000,
    "outcome": "down"
  },
  {
    "price": 0.4722335025380711,
    "size": 98.5,
    "side": "sell",
    "timestamp": 1768542655000,
    "outcome": "up"
  },
  {
    "price": 0.48,
    "size": 1.45,
    "side": "sell",
    "timestamp": 1768542655000,
    "outcome": "up"
  },
  {
    "price": 0.4926108374384236,
    "size": 2.03,
    "side": "buy",
    "timestamp": 1768542655000,
    "outcome": "up"
  },
  {
    "price": 0.4899998284998885,
    "size": 2.040815,
    "side": "buy",
    "timestamp": 1768542655000,
    "outcome": "up"
  },
  {
    "price": 0.49,
    "size": 24,
    "side": "buy",
    "timestamp": 1768542655000,
    "outcome": "up"
  },
  {
    "price": 0.5027074257710075,
    "size": 200.57392,
    "side": "buy",
    "timestamp": 1768542655000,
    "outcome": "down"
  },
  {
    "price": 0.5152714697183464,
    "size": 105.614229,
    "side": "buy",
    "timestamp": 1768542655000,
    "outcome": "down"
  },
  {
    "price": 0.51,
    "size": 9.85,
    "side": "sell",
    "timestamp": 1768542655000,
    "outcome": "down"
  },
  {
    "price": 0.49,
    "size": 5.19,
    "side": "buy",
    "timestamp": 1768542655000,
    "outcome": "up"
  },
  {
    "price": 0.5099998316998872,
    "size": 1.960783,
    "side": "buy",
    "timestamp": 1768542655000,
    "outcome": "down"
  },
  {
    "price": 0.4816666666666667,
    "size": 24,
    "side": "buy",
    "timestamp": 1768542655000,
    "outcome": "up"
  },
  {
    "price": 0.52,
    "size": 10,
    "side": "buy",
    "timestamp": 1768542655000,
    "outcome": "down"
  },
  {
    "price": 0.5,
    "size": 5.2,
    "side": "buy",
    "timestamp": 1768542655000,
    "outcome": "up"
  },
  {
    "price": 0.49,
    "size": 1.92,
    "side": "buy",
    "timestamp": 1768542655000,
    "outcome": "up"
  },
  {
    "price": 0.4899999927227688,
    "size": 4.122447,
    "side": "buy",
    "timestamp": 1768542655000,
    "outcome": "up"
  },
  {
    "price": 0.4799998271998894,
    "size": 2.083332,
    "side": "buy",
    "timestamp": 1768542655000,
    "outcome": "up"
  },
  {
    "price": 0.5,
    "size": 8.4,
    "side": "buy",
    "timestamp": 1768542655000,
    "outcome": "up"
  },
  {
    "price": 0.49,
    "size": 11.84,
    "side": "sell",
    "timestamp": 1768542655000,
    "outcome": "up"
  },
  {
    "price": 0.5,
    "size": 5,
    "side": "buy",
    "timestamp": 1768542655000,
    "outcome": "up"
  },
  {
    "price": 0.5099998316998872,
    "size": 1.960783,
    "side": "buy",
    "timestamp": 1768542655000,
    "outcome": "down"
  },
  {
    "price": 0.5,
    "size": 0.09,
    "side": "sell",
    "timestamp": 1768542655000,
    "outcome": "down"
  },
  {
    "price": 0.4907975460122699,
    "size": 52.16,
    "side": "buy",
    "timestamp": 1768542655000,
    "outcome": "up"
  },
  {
    "price": 0.49,
    "size": 3.28,
    "side": "sell",
    "timestamp": 1768542655000,
    "outcome": "up"
  },
  {
    "price": 0.5,
    "size": 2,
    "side": "buy",
    "timestamp": 1768542656000,
    "outcome": "up"
  },
  {
    "price": 0.5,
    "size": 6.47,
    "side": "buy",
    "timestamp": 1768542656000,
    "outcome": "up"
  },
  {
    "price": 0.5199999812799988,
    "size": 19.230768,
    "side": "buy",
    "timestamp": 1768542656000,
    "outcome": "up"
  },
  {
    "price": 0.51,
    "size": 10,
    "side": "buy",
    "timestamp": 1768542656000,
    "outcome": "down"
  },
  {
    "price": 0.5,
    "size": 10.2,
    "side": "buy",
    "timestamp": 1768542656000,
    "outcome": "up"
  },
  {
    "price": 0.5,
    "size": 0.09,
    "side": "sell",
    "timestamp": 1768542656000,
    "outcome": "down"
  },
  {
    "price": 0.49,
    "size": 5,
    "side": "buy",
    "timestamp": 1768542656000,
    "outcome": "down"
  },
  {
    "price": 0.5034843090914727,
    "size": 30.388234,
    "side": "buy",
    "timestamp": 1768542656000,
    "outcome": "up"
  },
  {
    "price": 0.5,
    "size": 0.09,
    "side": "sell",
    "timestamp": 1768542657000,
    "outcome": "down"
  },
  {
    "price": 0.48,
    "size": 0.09,
    "side": "sell",
    "timestamp": 1768542657000,
    "outcome": "down"
  },
  {
    "price": 0.5,
    "size": 0.09,
    "side": "sell",
    "timestamp": 1768542657000,
    "outcome": "down"
  },
  {
    "price": 0.508007807064285,
    "size": 50.196077,
    "side": "buy",
    "timestamp": 1768542657000,
    "outcome": "up"
  },
  {
    "price": 0.519999982068961,
    "size": 6.692306,
    "side": "buy",
    "timestamp": 1768542657000,
    "outcome": "up"
  },
  {
    "price": 0.48,
    "size": 0.09,
    "side": "sell",
    "timestamp": 1768542657000,
    "outcome": "down"
  },
  {
    "price": 0.4899999803999969,
    "size": 10.20408,
    "side": "buy",
    "timestamp": 1768542657000,
    "outcome": "down"
  },
  {
    "price": 0.48,
    "size": 0.1,
    "side": "sell",
    "timestamp": 1768542657000,
    "outcome": "down"
  },
  {
    "price": 0.52,
    "size": 1.923075,
    "side": "buy",
    "timestamp": 1768542657000,
    "outcome": "up"
  },
  {
    "price": 0.49,
    "size": 5,
    "side": "buy",
    "timestamp": 1768542657000,
    "outcome": "down"
  },
  {
    "price": 0.51,
    "size": 15.21,
    "side": "buy",
    "timestamp": 1768542657000,
    "outcome": "up"
  },
  {
    "price": 0.49,
    "size": 5,
    "side": "buy",
    "timestamp": 1768542657000,
    "outcome": "down"
  },
  {
    "price": 0.48,
    "size": 0.11,
    "side": "sell",
    "timestamp": 1768542657000,
    "outcome": "down"
  },
  {
    "price": 0.48,
    "size": 0.09,
    "side": "sell",
    "timestamp": 1768542657000,
    "outcome": "down"
  },
  {
    "price": 0.48,
    "size": 0.09,
    "side": "sell",
    "timestamp": 1768542657000,
    "outcome": "down"
  },
  {
    "price": 0.48,
    "size": 0.12,
    "side": "sell",
    "timestamp": 1768542658000,
    "outcome": "down"
  },
  {
    "price": 0.52,
    "size": 50,
    "side": "buy",
    "timestamp": 1768542657000,
    "outcome": "up"
  },
  {
    "price": 0.52,
    "size": 6.4,
    "side": "buy",
    "timestamp": 1768542658000,
    "outcome": "up"
  },
  {
    "price": 0.49,
    "size": 4.01,
    "side": "buy",
    "timestamp": 1768542658000,
    "outcome": "down"
  },
  {
    "price": 0.51,
    "size": 17.78,
    "side": "sell",
    "timestamp": 1768542658000,
    "outcome": "up"
  },
  {
    "price": 0.49,
    "size": 5,
    "side": "buy",
    "timestamp": 1768542658000,
    "outcome": "down"
  },
  {
    "price": 0.51,
    "size": 15,
    "side": "sell",
    "timestamp": 1768542658000,
    "outcome": "up"
  },
  {
    "price": 0.49,
    "size": 24,
    "side": "buy",
    "timestamp": 1768542658000,
    "outcome": "down"
  },
  {
    "price": 0.5,
    "size": 2.66,
    "side": "buy",
    "timestamp": 1768542658000,
    "outcome": "down"
  },
  {
    "price": 0.489999909259192,
    "size": 2.20408,
    "side": "buy",
    "timestamp": 1768542658000,
    "outcome": "down"
  },
  {
    "price": 0.5199998769892104,
    "size": 3.576922,
    "side": "buy",
    "timestamp": 1768542658000,
    "outcome": "up"
  },
  {
    "price": 0.5,
    "size": 6.06,
    "side": "buy",
    "timestamp": 1768542660000,
    "outcome": "down"
  },
  {
    "price": 0.5,
    "size": 5,
    "side": "buy",
    "timestamp": 1768542660000,
    "outcome": "down"
  },
  {
    "price": 0.5,
    "size": 8.4,
    "side": "buy",
    "timestamp": 1768542660000,
    "outcome": "down"
  },
  {
    "price": 0.49,
    "size": 2.32,
    "side": "sell",
    "timestamp": 1768542660000,
    "outcome": "down"
  },
  {
    "price": 0.49,
    "size": 51.02,
    "side": "buy",
    "timestamp": 1768542661000,
    "outcome": "down"
  },
  {
    "price": 0.5,
    "size": 10,
    "side": "sell",
    "timestamp": 1768542661000,
    "outcome": "up"
  },
  {
    "price": 0.51,
    "size": 5,
    "side": "buy",
    "timestamp": 1768542661000,
    "outcome": "up"
  },
  {
    "price": 0.5,
    "size": 5,
    "side": "buy",
    "timestamp": 1768542661000,
    "outcome": "down"
  },
  {
    "price": 0.5,
    "size": 40,
    "side": "buy",
    "timestamp": 1768542661000,
    "outcome": "down"
  },
  {
    "price": 0.5,
    "size": 7.65,
    "side": "sell",
    "timestamp": 1768542661000,
    "outcome": "up"
  },
  {
    "price": 0.5,
    "size": 5.1,
    "side": "buy",
    "timestamp": 1768542662000,
    "outcome": "up"
  },
  {
    "price": 0.49,
    "size": 64,
    "side": "buy",
    "timestamp": 1768542662000,
    "outcome": "up"
  },
  {
    "price": 0.5123152709359606,
    "size": 50.75,
    "side": "buy",
    "timestamp": 1768542662000,
